2567 4209
242 774 447 865 ovlu’s
498 770 1059 865 METAMORPHOSES.

444 1077 872 1089 m

538 1300 692 1366 BOOK
730 1301 767 1365 Ι.

469 1588 835 1635 INTRODUOTION·

141 1758 181 1823 Irr
196 1752 354 1823 nova'sert
367 1759 490 1823 animus
504 1770 640 1825 mutatas
654 1760 760 1825 dicere
775 1760 891 1825 formas
961 1776 966 1781 ’

141 1862 293 1947 Corpora.
338 1864 391 1943 Di,
407 1865 518 1947 eoeptis
536 1864 624 1953 (nam
639 1887 696 1929 vos
710 1865 854 1929 mutastis
867 1873 902 1928 et
915 1862 1000 1951 illas)
1093 1896 1098 1902 ·

141 1968 310 2052 Adspirate
326 1970 414 2047 meir,
430 1970 591 2052 primaque
607 1970 647 2033 ab
662 1969 782 2051 origine
796 1968 907 2032 mundi

141 2072 197 2139 Ad
211 2095 283 2139 mea
298 2082 484 2159 perpetuum
500 2072 648 2138 deducite
663 2083 806 2159 tempora
819 2092 958 2138 earmen.

143 2591 230 2656 Ante
246 2611 330 2655 mare
346 2600 379 2655 et
393 2601 489 2655 terras
504 2601 547 2670 et,
563 2592 649 2674 quod
665 2593 743 2675 tegit
756 2593 874 2671 omnia,
890 2591 1017 2671 ooelum,
1143 2594 1166 2658 d

144 2696 236 2763 Unus
251 2706 318 2759 erat
332 2706 399 2761 toto
414 2696 545 2761 Naturae
561 2696 665 2761 vultus
680 2698 713 2760 in
729 2697 815 2775 orbe,

145 2801 254 2871 Quem
269 2802 374 2867 dixere
390 2800 504 2880 Chaos,
520 2803 606 2865 rudis
622 2802 839 2885 indigestaque
854 2800 964 2881 moles,

144 2904 217 2969 Nee
231 2906 411 2988 quidquam,
428 2906 486 2969 nisi
502 2908 626 2989 pondus
641 2907 735 2985 iners,
751 2917 963 2990 congestaque
977 2906 1092 2972 eddern

144 3009 220 3074 Non
236 3009 316 3073 bene
329 3011 507 3095 junctarum
523 3012 679 3075 discordia
693 3012 815 3075 semina
828 3032 942 3075 rerum.

144 3113 259 3178 Nullus
274 3110 378 3178 a'dhuc
393 3116 513 3179 mundo
528 3116 688 3198 praebebat
703 3115 822 3179 lumina
835 3116 943 3193 Titan,
1126 3118 1168 3180 10

143 3220 216 3285 Nec
231 3240 313 3283 nova
328 3221 498 3283 cresoendo
513 3220 677 3303 reparabat
690 3242 808 3284 eornua
822 3218 952 3301 Phoebe,

143 3323 215 3388 Nec
231 3322 420 3387 aueumfuso
435 3324 594 3407 pendebat
608 3324 641 3387 in
656 3330 730 3389 edre
746 3326 855 3389 Telius

143 3427 339 3495 Ponderibus
355 3427 466 3491 librata
481 3429 564 3507 suis;
588 3450 649 3493 nee
664 3429 792 3493 brachia
806 3429 901 3513 longo

143 3532 292 3617 Margine
305 3542 455 3595 terrarum
471 3542 650 3615 porrexerat
665 3534 872 3617 Amphitrite:

142 3638 280 3723 Quaque
297 3636 357 3701 fuit
372 3635 474 3715 tellus,
491 3636 601 3703 illicet
617 3648 733 3720 pontus
748 3648 779 3701 et
794 3638 859 3703 adr.
916 3666 920 3670 ·
1127 3636 1169 3698 15
