2567 4209
168 306 230 369 174
509 296 629 347 ovina
651 276 845 346 uuaoioss.

162 468 248 533 Hinc
263 490 360 547 amor,
376 468 450 533 hinc
465 468 557 533 timor
571 477 636 531 eat:
661 466 764 549 ipsum
779 466 871 530 timor
886 474 984 548 auget
998 484 1154 529 amorem.

206 574 303 639 Mane
319 584 395 652 erat,
411 583 444 637 et
459 573 595 637 thalamo
609 594 681 636 cara
697 582 823 654 recepta
838 591 943 650 soror;

162 679 394 765 Disiectamque
408 700 525 756 comas,
541 698 710 759 aversaque
726 677 758 741 iu
774 697 828 740 ora
839 677 1002 762 jacentem

206 785 339 862 Invenit,
355 794 388 847 et
402 783 546 867 lacrymis
560 782 667 846 omnia
683 781 776 864 plena
790 782 878 845 meis.

162 890 241 954 Orat
255 911 348 972 opem
364 888 499 974 Minyis:
524 888 603 971 petit
616 887 723 965 altera,
739 886 882 950 etaltera
897 885 1038 951 habebit.
1149 887 1191 950 65

207 994 337 1058 AEsonio
347 995 466 1080 juveni,
481 994 567 1076 quod
581 1004 670 1075 rogat
684 991 747 1069 illa,
763 992 884 1056 damus.

162 1098 219 1163 Est
234 1120 345 1163 nemus
359 1109 392 1162 et
407 1098 503 1181 piceis
517 1107 550 1160 et
565 1096 726 1161 frondibus
741 1096 819 1160 ilicis
834 1106 954 1159 atrum:

207 1205 267 1269 Vis
282 1205 355 1268 illuc
370 1204 463 1267 radiis
478 1202 550 1266 solis
564 1202 650 1267 adire
665 1201 748 1265 licet.

163 1311 246 1375 Sunt
261 1310 293 1373 in
309 1331 359 1388 eo,
375 1310 558 1391 fuerantque
574 1308 638 1386 diu,
655 1307 786 1371 delubra
801 1305 930 1370 Dianae:

207 1416 313 1479 Aurea
326 1414 486 1478 barbarica
501 1422 563 1477 stat
577 1412 638 1477 dea
654 1412 737 1475 facta
751 1432 857 1475 manu.
1147 1416 1188 1477 m

161 1520 280 1584 Nescio
294 1542 335 1583 an
350 1519 523 1583 exciderint
535 1539 661 1581 mecum
677 1516 755 1581 loca.
802 1516 954 1580 Venimus
970 1515 1067 1582 illuc:

204 1624 303 1688 Orsus
317 1646 352 1687 es
367 1624 464 1687 inlido
478 1622 524 1686 sic
538 1623 621 1705 prior
634 1643 689 1687 ore
704 1621 807 1705 loqui:

160 1728 237 1793 ‘Jua
252 1729 307 1793 tibi
322 1740 356 1792 et
369 1727 529 1792 arbitrium
544 1737 658 1791 nostrae
675 1727 815 1791 Fortuna
829 1726 935 1791 salutis

204 1835 352 1899 Tradidit
360 1857 369 1914 ;
392 1835 486 1917 inque
504 1833 558 1897 tui
572 1833 697 1917 vitaque
712 1854 856 1915 morsque
871 1853 979 1895 manu.

160 1941 294 2005 Perdere
309 1962 400 2023 posse
415 1950 463 2003 sat
477 1954 535 2017 eat,
550 1939 685 2021 siquam
698 1939 786 2023 juvet
801 1938 867 2021 ipsa
882 1946 1043 2020 potestas3
1146 1944 1186 2005 75

205 2046 271 2110 Sed
287 2046 342 2110 tibi
357 2055 497 2109 servatus
510 2044 608 2128 gloria
621 2044 720 2128 major
734 2064 799 2107 ero.

159 2150 219 2214 Per
233 2150 316 2214 mala
330 2161 436 2214 nostra
450 2170 570 2232 precor,
585 2169 716 2230 quorum
729 2158 817 2231 potes
833 2168 900 2211 esse
915 2146 1086 2229 leva-mem

204 2257 263 2318 Per
277 2276 388 2339 genus,
404 2266 437 2318 et
451 2275 569 2318 numen
585 2265 700 2318 cuncta
714 2252 848 2317 videntis
862 2252 930 2330 avi3

159 2361 219 2423 Per
234 2359 368 2441 triplices
383 2360 497 2436 vultus,
512 2380 689 2441 arcanaque
705 2380 792 2423 sacra
807 2357 938 2436 Dianae3

204 2464 285 2527 Etsi
301 2464 380 2527 sorte
395 2464 471 2528 alios
485 2484 563 2547 gens
578 2465 673 2527 habet
687 2464 746 2527 ista
760 2464 836 2527 deos
848 2486 857 2542 ;

159 2570 190 2634 O
205 2571 301 2653 virgo,
316 2570 461 2636 miserere
476 2570 557 2649 mei3
581 2570 726 2633 miserere
741 2569 900 2633 meorum!

204 2676 303 2739 Effice
319 2697 369 2739 me
384 2676 502 2739 meritis
517 2686 640 2758 tempus
654 2674 687 2737 in
703 2695 796 2738 omne
813 2684 911 2739 tuum.

160 2779 257 2848 Quod
273 2781 298 2843 si
315 2779 392 2843 forte
408 2780 507 2843 virum
521 2802 585 2843 non
602 2780 774 2862 dedignare
790 2779 967 2863 Pelasgum,

205 2884 286 2971 (Sed
301 2882 377 2947 mihi
392 2894 457 2947 tam
473 2883 578 2947 faciles
593 2884 679 2947 unde
695 2905 842 2967 meosque
858 2885 934 2947 deos
943 2883 973 2973 l)

159 2993 293 3077 Spiritus
307 2993 381 3057 ant'e
397 3012 486 3057 meus
501 3003 611 3056 tenues
626 3004 775 3059 vanescat
790 2994 822 3057 in
837 3015 937 3071 auras,
1139 2999 1180 3063 85

203 3099 310 3168 Quam
326 3099 474 3177 thalamo,
490 3098 548 3163 nisi
563 3109 608 3178 tu,
624 3109 722 3184 nupta
738 3100 776 3162 sit
792 3098 854 3163 ulla
869 3120 950 3163 meo.
1046 3128 1050 3131 ·

157 3205 293 3269 Conscia
307 3205 346 3268 sit
360 3203 455 3285 Juno,
471 3205 566 3269 sacris
581 3205 730 3287 praesecta
744 3204 872 3282 maritis,

203 3309 245 3372 Et
259 3310 329 3386 dea,
345 3311 519 3374 marmorea
533 3311 621 3395 cujus
636 3310 669 3372 in
685 3311 754 3374 aede
770 3311 887 3373 sumus.

158 3414 240 3477 Haec
254 3414 392 3475 animum
411 3413 459 3500 (et
473 3424 569 3495 quota
583 3434 654 3496 pars
669 3415 738 3478 haec
753 3426 826 3478 sunt
835 3415 863 3503 ?)
880 3437 1006 3481 movere
1021 3417 1136 3501 puellae

137 3535 139 3540 ·
204 3515 370 3595 Simplicis,
385 3527 418 3578 et
432 3517 551 3579 dextrae
567 3516 696 3580 dextera
706 3521 817 3602 juncta
832 3541 923 3583 meae.
1137 3527 1176 3589 90

159 3617 232 3681 Vidi
247 3617 342 3679 ctiam
356 3618 524 3701 lacrymas:
548 3640 590 3681 an
605 3640 676 3701 pars
692 3632 740 3684 est
755 3621 871 3685 fraudis
887 3624 919 3687 iu
935 3624 1016 3689 illis?

204 3720 259 3783 Sic
274 3718 337 3781 cito
351 3740 418 3783 sum
434 3722 534 3784 verbis
548 3731 641 3804 capta
656 3724 759 3804 puella
774 3725 847 3788 tuis.
