2567 4209
181 306 226 369 '10
460 296 579 347 ovln·s
603 292 934 345 Munnuonrflosus

182 468 359 535 Ementitus
374 478 450 545 emt,
466 466 579 551 clypeo
594 466 720 549 qubque
735 464 866 529 flumina
879 472 1005 544 septem

182 574 325 659 Argento
339 574 462 658 purtim,
479 572 590 657 partim
606 570 771 635 caelaverat
785 590 872 646 auro,

184 679 363 763 ‘Adspice'
380 680 434 757 sit,
452 688 460 719 ‘
469 679 596 755 Persen,
612 687 728 741 nostrae
743 675 913 758 primordia
925 672 1060 756 gentis:

182 784 303 868 Magna
318 784 398 849 seres
412 784 523 849 tacitas
539 782 649 847 solstia
664 782 772 845 mortis
786 783 829 845 ad
844 780 981 856 umbras,

183 888 213 953 A
230 899 318 953 tento
333 889 483 954 cecidisse
499 888 585 955 viro.²
630 887 707 951 Pars
722 885 832 950 ultima
847 885 933 948 vocis
1163 887 1220 947 135

183 992 220 1059 In
237 994 342 1073 medio
359 1015 524 1078 suppressa
539 1014 617 1057 sono
632 1003 698 1056 est:
722 993 934 1074 adapertaque
948 988 1034 1052 velle

184 1097 251 1163 Ora
265 1098 350 1181 loqui
364 1100 475 1163 credes
483 1120 492 1177 ;
515 1120 576 1163 nec
592 1109 666 1161 sunt
680 1118 719 1160 es
734 1097 841 1180 pervia
855 1095 969 1158 verbis.

184 1202 330 1287 Increpet
345 1204 412 1283 hos,
429 1204 595 1286 ‘Vitioque
610 1202 719 1280 animi,
734 1223 798 1265 non
814 1201 971 1277 crinibus,'
988 1200 1113 1283 inquit,

187 1308 381 1394 ‘Gorgoneis
397 1310 544 1392 torpetis,'
562 1308 665 1392 Eryx:
692 1308 858 1371 ‘incurrite
873 1327 1009 1383 mecum,

186 1413 229 1479 Et
244 1414 428 1499 prosternite
444 1414 531 1479 humi
543 1413 703 1499 juvenem,
719 1413 843 1495 magica
856 1433 943 1475 arma
956 1412 1174 1474 moventem?

186 1520 370 1584 Incursurus
384 1528 470 1596 erat;
494 1519 595 1584 tenuit
611 1519 741 1602 vestigia
755 1518 864 1582 tellus:
1159 1520 1214 1579 141

186 1622 402 1706 Immotusque
416 1622 492 1685 silex
507 1636 689 1706 ennataque
704 1624 819 1687 mansit
834 1623 947 1705 imago.

231 1726 275 1793 Hi
290 1738 396 1793 tumen
412 1748 452 1791 ex
467 1729 577 1792 merito
592 1750 720 1812 poenam
735 1729 877 1806 subiere,
900 1730 957 1791 sed
971 1749 1058 1791 unus

186 1832 280 1899 Miles
294 1844 362 1898 erat
375 1833 492 1913 Persei,
508 1854 565 1917 pro
579 1856 643 1917 quo
658 1836 734 1899 dum
750 1844 880 1917 pugnat,
896 1834 1071 1912 Aconteus,

188 1940 336 2027 Gorgone
352 1940 522 2025 conspectA
537 1960 612 2005 saxo
628 1940 788 2004 concrevit
801 1939 922 2003 oborto.
1158 1942 1215 2001 145

189 2044 295 2117 Quem
312 2057 396 2111 ratus
412 2046 566 2130 Astyages
581 2046 753 2109 etiamnum
769 2045 883 2121 vivere,
899 2044 994 2125 longo

189 2150 272 2214 Ense
289 2150 375 2214 serit:
401 2151 505 2215 sonuit
519 2151 683 2213 tinnitibus
697 2150 783 2213 ensis
795 2151 905 2213 acutis.

188 2253 273 2317 Dum
289 2265 393 2337 stupet
408 2256 572 2338 Astyages,
589 2267 733 2319 naturam
748 2256 841 2319 traxit
855 2256 1010 2333 eandem;

188 2357 427 2442 Marmoreoque
443 2371 550 2423 manet
566 2360 668 2425 vultus
682 2361 823 2425 mirantis
837 2361 869 2423 in
886 2382 949 2424 ore.

189 2462 327 2529 Nomius
342 2463 436 2548 longa
450 2486 537 2529 mors
551 2477 600 2529 est
613 2467 720 2531 mediis
734 2467 775 2530 de
791 2465 882 2550 plebe
897 2467 1032 2529 virorum
1154 2471 1212 2530 r5o

188 2567 312 2635 Dicere.
357 2569 411 2634 Bis
425 2581 552 2635 eentum
568 2572 726 2636 restabant
741 2593 871 2655 corpora
886 2592 1018 2655 pugnae:

188 2673 337 2758 Gorgone
352 2675 400 2739 bis
415 2686 542 2741 centum
557 2676 720 2761 riguerunt
734 2698 864 2760 corpora
879 2677 954 2740 visi.

233 2780 369 2844 Poenitet
384 2780 488 2865 injusti
504 2802 590 2845 nunc
605 2782 742 2865 denique
758 2782 878 2846 Phinea
894 2781 976 2845 belli.

190 2882 256 2947 Sed
271 2883 347 2964 quid
362 2886 456 2967 agat?
482 2945 486 2952 ,
503 2886 677 2951 Simulacra
692 2888 778 2952 videt
793 2888 914 2951 diversa
929 2888 1045 2971 liguris,

190 2986 403 3071 Agnoscitque
419 3010 510 3068 suos3
533 3001 566 3053 et
581 2993 711 3056 nornine
724 3014 880 3075 quemque
896 3004 1024 3056 vocatos
1147 3000 1208 3059 155

190 3094 295 3159 Poscit
310 3114 420 3178 opem:
446 3098 638 3180 credensque
655 3120 775 3181 parum,
792 3098 850 3161 sibi
866 3098 1006 3182 proxima
1020 3099 1123 3181 tangit

189 3198 345 3282 Corpora:
370 3224 504 3266 marmor
519 3214 618 3267 erant.
664 3202 834 3280 Avertitur,
850 3217 945 3286 atque
959 3204 1004 3266 ita
1018 3203 1160 3287 supplex,

189 3300 416 3386 Confessesque
432 3328 553 3382 manua,
570 3306 757 3388 obliquaque
771 3308 898 3370 brachia
913 3309 1057 3384 tendens,

190 3404 338 3483 ‘Vincis,'
354 3407 408 3483 ait,
425 3408 580 3471 ‘Perseuz
605 3430 730 3473 remove
748 3411 812 3474 sera
826 3422 974 3489 monstra,
990 3422 1116 3493 tuaeque

191 3510 343 3575 Sexificos
359 3510 472 3590 vultus,
488 3533 694 3597 quaecumque
710 3536 758 3593 ea,
775 3515 848 3579 tolle
864 3516 1021 3593 Medusae,
1147 3522 1205 3582 160

190 3613 292 3692 Tolle,
308 3637 427 3699 precor.
473 3616 547 3681 Non
564 3638 621 3681 nos
636 3620 754 3696 odium
770 3621 897 3702 regnive
913 3622 1030 3704 cupido

190 3716 351 3799 Compulit
364 3720 406 3782 ad
420 3718 553 3783 bellum:
578 3740 635 3802 pro
651 3722 787 3804 conjuge
800 3724 957 3785 movimus
968 3744 1068 3787 arms.
