2567 4209
141 340 186 403 30
422 330 541 381 ovrus
566 330 895 379 nrnrruonrnosss

142 500 194 567 Fit
209 502 310 582 timor,
326 512 359 566 et
373 500 488 584 paridi
502 500 638 583 trepidat
653 498 817 583 tormidine
826 509 954 581 pectus.
1128 500 1184 561 65

142 606 260 673 Ultima
276 628 376 691 prona
390 605 441 669 via
456 616 514 682 est,
530 615 562 668 et
578 616 651 687 eget
665 604 880 667 moderamine
894 614 992 668 certo.

143 713 237 776 Tunc
252 712 356 789 etiarn,
373 732 444 793 quae
460 732 511 773 me
525 709 675 795 subjectis
689 709 806 790 excipit
820 708 924 784 undis,

144 818 195 883 Nc
212 817 293 881 ferar
305 818 339 883 in
355 838 506 901 praeceps,
523 816 644 899 Tethys
660 816 740 879 solet
753 814 821 897 ipsa
836 814 946 877 vereri.
1028 847 1032 853 ·

142 919 247 1001 Adde,
264 921 349 1005 quod
364 920 490 985 assidu&
504 920 621 1002 rapitur
638 920 788 1001 uertigine
803 918 930 997 coelum,

144 1027 316 1109 Sideraque
331 1026 394 1091 alta
409 1024 512 1103 trahit,
529 1024 684 1107 celerique
698 1024 857 1087 volumine
872 1033 1007 1106 torquet.
1126 1026 1177 1088 70

142 1132 235 1196 Nitor
250 1132 282 1194 in
298 1132 472 1208 aduersum,
487 1150 549 1193 nec
564 1150 625 1207 me,
641 1130 696 1220 qui
711 1139 826 1206 cetera,
841 1128 939 1193 vincit

142 1237 292 1319 Impetus,
308 1246 341 1300 et
356 1234 465 1319 rapido
480 1236 653 1299 contrarius
668 1235 784 1300 evehor
798 1235 876 1299 orbis

142 1341 242 1425 Finge
258 1342 348 1405 datos
365 1329 482 1405 currus.
529 1341 618 1412 Quid
629 1343 731 1423 ngas?
754 1341 910 1424 poterisne
926 1341 1034 1404 rotatis
1076 1396 1078 1398 ,

142 1444 262 1511 Obvius
277 1447 321 1509 ire
338 1446 426 1529 polis,
442 1468 483 1509 ne
499 1457 530 1509 te
546 1447 626 1509 citus
641 1447 763 1509 auferat
777 1447 865 1512 axis?

141 1549 283 1615 Forsitan
300 1561 332 1613 et
347 1551 434 1613 lucos
449 1550 522 1628 illic,
539 1551 705 1632 urbesque,
721 1552 894 1635 domosque
1103 1554 1171 1622 ,75

141 1654 308 1739 concipias
323 1655 439 1731 animo,
455 1655 648 1737 delubraque
663 1655 740 1719 ditia
755 1657 847 1719 donis

141 1760 228 1824 Esse.
275 1761 335 1824 Per
350 1760 477 1822 insidias
493 1753 551 1822 iter
566 1770 614 1822 est
629 1759 806 1844 formasque
822 1762 967 1825 serarum.

86 1864 91 1877 '
141 1864 247 1949 thue
263 1866 344 1929 viam
361 1875 478 1943 teneas,
495 1866 642 1949 nulloque
657 1887 761 1929 errore
777 1864 916 1946 traharis,

141 1970 201 2034 Per
217 1980 322 2034 tamen
338 1971 459 2034 adversi
474 1971 622 2054 gradieris
638 1992 756 2034 cornua
771 1971 879 2049 Tauri,

141 2076 390 2157 Haemoniosque
405 2098 505 2153 arcus,
522 2065 711 2160 violentique
727 2097 781 2139 ora
796 2076 922 2155 Leonis,
1123 2084 1167 2143 80

143 2182 299 2262 Saevaque
316 2181 447 2243 circuitu
463 2190 645 2243 curvantem
659 2180 787 2245 brachia
801 2181 896 2265 longo
984 2203 995 2217 ··

111 2311 118 2342 ι
143 2285 306 2367 Scorpion,
322 2294 416 2366 atque
431 2284 521 2347 aliter
535 2294 717 2348 curvantem
732 2287 859 2350 brachia
874 2286 1041 2352 Cancrum.
1149 2317 1157 2323 ”

142 2390 174 2455 N
176 2412 213 2453 ec
229 2389 284 2452 tibi
300 2389 517 2472 quadrupedes
533 2390 689 2453 animosos
704 2391 827 2473 ignibus
842 2392 912 2471 illis,

143 2496 235 2564 Quos
251 2494 284 2557 in
300 2503 426 2577 pectore
443 2494 576 2573 habent,
586 2516 664 2577 quos
680 2515 733 2559 ore
748 2506 782 2559 et
797 2498 922 2561 naribus
937 2498 1054 2577 efflant,

142 2600 179 2664 In
196 2609 342 2683 promptu
358 2620 464 2683 regere
480 2608 537 2661 est.
586 2600 646 2664 Vix
661 2623 714 2663 me
729 2602 898 2684 patiuntur,
915 2613 950 2666 ut
964 2625 1051 2667 acres
1122 2606 1165 2669 85

142 2704 304 2770 Incaludre
320 2705 435 2782 animi;
459 2704 624 2787 cervixque
641 2716 796 2789 repugnat
811 2708 950 2771 habenis.

143 2810 187 2873 At
203 2820 247 2887 tu,
265 2809 379 2871 funesti
396 2826 435 2871 ne
453 2810 511 2873 sim
526 2810 582 2872 tibi
598 2802 734 2873 muneris
749 2824 868 2890 auctor,

143 2914 238 2990 Nate,
254 2933 347 2975 cave:
373 2914 449 2975 dum
465 2934 575 2996 resque
591 2914 673 2992 sinit,
690 2926 743 2979 tua
759 2918 878 3001 corrige
893 2927 977 2982 vota.

145 3018 283 3097 Scilicet,
300 3027 335 3081 ut
351 3028 457 3081 nostro
472 3019 613 3101 genitum
631 3031 661 3083 te
678 3023 830 3105 sanguine
845 3025 964 3101 credas,

143 3124 277 3207 Pignora
293 3134 376 3187 certa
393 3126 482 3207 petis.
529 3124 580 3189 Do
596 3126 727 3209 pignora
741 3139 827 3192 certa
842 3129 992 3207 timendo,
1122 3134 1165 3195 90

144 3228 185 3291 Et
201 3229 300 3310 patrio
316 3240 403 3311 pater
419 3251 486 3293 esse
503 3241 589 3293 metu
605 3232 728 3314 probor.
775 3232 914 3317 Adspice
929 3234 1033 3301 vultus

143 3332 228 3395 Ecce
245 3350 349 3395 meos:
375 3333 555 3414 utinamque
571 3334 679 3398 oculos
693 3336 724 3397 in
742 3348 870 3419 pectora
884 3360 992 3421 posses

8 3480 9 3511 2
27 3501 30 3506 ,
143 3438 293 3514 inserere,
309 3446 342 3499 et
358 3436 472 3517 patrias
488 3437 571 3499 intus
587 3438 781 3521 deprendere
798 3443 906 3507 curas!
1277 3463 1279 3564 q

144 3540 299 3622 Denique,
316 3540 467 3622 quidquid
484 3541 578 3617 habet
593 3544 691 3621 dives,
708 3543 922 3628 circumspice,
937 3549 1085 3627 mundus,

144 3644 234 3726 Eque
250 3654 296 3707 tot
311 3666 349 3707 ac
365 3646 458 3707 tantis
474 3645 555 3723 coeli,
572 3657 735 3729 terraeque,
751 3651 906 3732 marisque
1123 3655 1162 3717 95

145 3748 243 3813 Posce
259 3748 350 3811 bonis
364 3747 499 3829 aliquid:
523 3750 641 3816 nullam
658 3751 776 3833 patiere
791 3754 957 3837 repulsam.

8 3788 10 3825 l
