2567 4209
160 323 224 386 158
432 314 553 366 0ku
573 314 907 367 manumourflosus.

156 486 227 553 Nec
241 508 299 551 sua
313 486 479 552 credulitas
494 487 613 570 piscem
628 488 834 570 suspenderat
850 486 964 551 humo:

155 592 279 658 Cuncta
293 594 361 657 siue
376 592 505 670 insidiis,
521 592 702 677 nullamque
718 593 861 656 timentia
876 593 1037 671 fraudem,

155 698 314 783 Plenaque
329 699 415 782 pacis
428 709 528 762 erant.
574 698 745 781 Postquam
760 719 823 762 non
839 698 924 761 utilis
938 708 1059 763 auctor

155 804 298 869 Victibus
312 804 433 882 inridit,
452 803 605 893 (quisquis
621 803 681 867 fuit
696 803 763 891 ille)
781 804 926 882 virorum,
1152 809 1191 869 45

154 908 388 993 corporeusque
403 910 502 992 dapes
516 909 641 973 avidum
657 909 805 973 demersit
820 909 852 971 in
868 909 974 973 alvum
987 931 996 987 ;

155 1014 244 1079 Fecit
258 1015 317 1079 iter
331 1014 456 1078 sceleri:
482 1015 643 1099 primique
659 1035 677 1077 e
693 1015 782 1077 eaede
798 1014 933 1077 serarum

155 1120 324 1183 incaluisse
340 1130 447 1203 putem
462 1119 654 1183 maculatum
670 1120 823 1202 sanguine
838 1119 965 1182 ferrum.

155 1226 255 1309 quue
270 1226 344 1290 satis
359 1226 477 1289 iuerat:
502 1236 705 1307 nostrumque
722 1225 861 1308 petentia
875 1224 975 1287 letum

154 1330 294 1414 Corpora
308 1332 401 1395 missa
416 1330 496 1408 neci,
512 1330 598 1394 salvi
612 1330 739 1412 pietate,
755 1329 905 1393 fatemur:
1151 1336 1191 1395 5⁰

156 1437 223 1501 Sed
237 1439 332 1521 quim
346 1437 452 1500 danda
467 1436 547 1514 neci,
564 1446 628 1499 tam
646 1456 710 1499 non
725 1434 882 1518 epulanda
897 1434 1042 1499 suerunt.

154 1540 294 1624 Longius
310 1540 383 1605 inde
398 1540 487 1604 nesus
502 1540 595 1605 abiit:
620 1551 653 1604 et
668 1541 767 1623 prima
782 1550 909 1623 putatur

154 1645 267 1709 Hostia
282 1666 334 1709 sus
348 1646 497 1709 meruisse
513 1647 601 1725 mori,
617 1647 690 1730 quia
705 1647 825 1709 semina
840 1646 947 1728 pando

154 1748 278 1815 Eruerit
293 1760 400 1830 rostro,
416 1772 568 1836 spemque
583 1751 783 1835 interceperit
797 1752 882 1815 anni.

154 1856 227 1921 Vite
242 1878 336 1941 caper
350 1857 453 1921 morsi
468 1857 585 1921 Bacchi
600 1858 786 1921 mactandus
801 1858 842 1920 ad
858 1878 926 1920 aras
1148 1863 1187 1923 55

153 1962 287 2028 Ducitur
301 1962 418 2028 ultoris.
465 1962 584 2026 Nocuit
598 1983 655 2025 sua
670 1961 763 2045 culpa
777 1961 910 2025 duobus.

153 2068 243 2138 Quid
258 2069 413 2133 meruistis
428 2070 512 2146 ove‘s,
529 2068 687 2150 placidum
704 2088 811 2151 pecus,
828 2068 922 2151 inque
938 2069 1082 2132 tuendos
1173 2068 1177 2079 '

153 2174 273 2238 Natum
289 2174 441 2252 homines,
458 2173 552 2257 pleno
566 2194 638 2257 quae
654 2173 740 2237 sertis
755 2174 788 2237 in
804 2173 899 2237 ubere
915 2176 1050 2237 nectar?

152 2278 263 2342 Mollia
277 2300 348 2361 quae
364 2280 454 2343 nobis
469 2290 586 2343 vestras
600 2279 756 2343 velamina
770 2279 858 2343 lanas

153 2383 312 2462 Praebctis,
327 2384 453 2467 vitisque
468 2386 576 2468 magis,
592 2386 687 2468 quim
703 2395 802 2449 morte
814 2385 939 2470 juvatis.
1145 2390 1187 2451 60

153 2488 243 2559 Quid
257 2490 400 2553 meruere
415 2491 521 2568 boves,
536 2488 651 2554 animal
667 2490 733 2554 sine
749 2490 859 2553 fraude
875 2488 1028 2573 dolisque,

151 2594 339 2673 Innocuum,
355 2595 497 2679 simplex,
514 2607 623 2659 natum
639 2596 770 2659 tolerare
786 2594 926 2661 labores?
962 2683 964 2687 Ι

151 2700 320 2764 Immemor
335 2712 384 2764 est
397 2703 536 2780 demum,
553 2722 613 2766 nec
627 2701 752 2784 frugum
768 2722 897 2764 munere
913 2699 1040 2783 dignus,

152 2804 220 2874 Qui
235 2805 347 2887 potuit,
363 2806 448 2868 curvi
464 2807 594 2889 dempto
608 2805 704 2871 modis
719 2806 858 2889 pondere
873 2804 975 2884 aratri,

151 2908 333 2973 Ruricolam
348 2919 485 2975 mactare
501 2930 610 2974 suum:
635 2912 690 2995 qui
706 2912 778 2975 trita
792 2911 897 2974 labore
1142 2916 1185 2978 65

151 3015 219 3095 Illa,
235 3016 348 3100 quibus
364 3016 455 3079 toties
470 3017 584 3080 durum
599 3027 802 3081 renovaverat
816 3038 936 3094 arvum,

151 3122 217 3186 Tot
231 3123 362 3187 dederat
377 3143 503 3202 messes,
519 3123 672 3206 percussit
686 3121 767 3186 colla
781 3122 891 3186 securi.

196 3227 268 3291 Nec
282 3228 355 3291 satis
371 3238 428 3306 est,
444 3228 530 3312 qudd
545 3228 608 3292 tale
623 3228 714 3291 nefas
728 3227 948 3291 committitur:
973 3226 1059 3310 ipsos

152 3331 339 3413 inscripsere
355 3331 432 3394 deos
447 3332 566 3411 sceleri,
582 3354 764 3415 numenque
780 3352 950 3415 supernum

151 3434 249 3496 Caede
265 3432 420 3495 laboriferi
435 3436 569 3498 credunt
582 3438 720 3518 gaudere
732 3438 870 3520 juvenci.
1140 3445 1183 3505 'tu

152 3534 288 3597 Victima
302 3534 372 3597 labe
387 3554 506 3611 carens,
521 3546 555 3598 et
569 3538 824 3617 praestantissima
839 3540 950 3619 somni,

155 3635 254 3723 (Nam
270 3634 422 3715 placuisse
437 3635 546 3722 nocet)
563 3639 646 3701 vittis
662 3641 823 3722 praesignis
839 3652 871 3705 et
885 3664 973 3722 auro,
1038 3628 1039 3631 Ἴ

154 3738 280 3801 Sistitur
294 3746 368 3801 ante
382 3759 461 3816 aras,
476 3740 626 3822 auditque
641 3742 749 3822 ignara
764 3756 956 3825 precantem,
