2567 4209
147 269 211 333 152
419 264 540 313 ovrns
560 260 894 313 umfflonruoses.

143 432 229 503 Quas
243 434 379 498 deoeant
392 434 514 511 urbem,
528 454 646 497 nomen
661 432 785 519 qudque
800 429 920 493 mansit
933 428 968 491 in
984 426 1043 491 ills

143 537 256 603 Urbis:
279 549 312 603 et
326 540 395 623 ipm
408 540 472 603 suis
486 538 686 621 deplangitur
700 537 809 601 Ardea
822 535 947 617 pennis.

452 804 653 847 ssfflflllosls
677 804 718 845 01¹
742 802 863 844 nutas.

186 956 321 1042 Jamque
334 959 414 1023 deos
426 958 726 1041 omnes,ipmmque
742 955 858 1019 AEneia
873 954 972 1017 virtus
1141 955 1184 1015 to

142 1060 302 1127 lunonem
316 1074 437 1127 veteres
451 1064 540 1127 linire
555 1065 703 1145 coegerat
717 1062 796 1125 iras:

141 1166 235 1246 cum,
251 1168 334 1233 bene
348 1169 487 1233 lundstis
501 1169 612 1251 opibus
626 1166 796 1231 eresoentis
811 1165 881 1243 ltili,

143 1272 365 1355 Tempestivus
379 1285 447 1337 erat
460 1272 542 1337 ooelo
555 1272 743 1355 Cythereius
759 1271 869 1347 heros;

144 1377 370 1461 Ambissetque
385 1377 494 1442 Venus
507 1398 655 1460 superos:
679 1375 823 1457 colloque
839 1374 976 1457 parentis

141 1480 340 1545 Circumfusa
352 1482 411 1559 sui,
427 1482 619 1565 ‘Nunquam
633 1480 731 1559 mihi:
748 1481 879 1557 dixerat,
897 1478 982 1543 ‘ullo
1140 1480 1181 1540 75

142 1583 300 1665 Tempore
314 1586 393 1649 dure
407 1597 506 1667 pater,
522 1607 609 1651 nune
622 1586 665 1649 sis
680 1586 862 1649 mitissimus
875 1605 952 1660 oro3

142 1685 317 1770 AEneaeque
331 1710 413 1766 meo,
428 1691 483 1773 qui
497 1702 530 1755 te
544 1692 587 1755 de
602 1692 755 1773 sanguine
771 1701 878 1753 nostro

143 1791 231 1856 Fecit
244 1815 349 1873 avum,
364 1796 505 1877 quamvis
520 1818 661 1878 parvum,
678 1797 745 1874 des,
761 1795 890 1878 optime,
906 1814 1052 1871 numen;

142 1895 324 1963 Dummodo
338 1901 395 1964 des
408 1900 545 1983 aliquod.
592 1902 677 1967 Satis
692 1912 740 1965 est
755 1899 920 1965 inamabile
936 1919 1079 1981 regnum

142 2002 331 2085 Adspexisse
346 2005 452 2083 semel,
469 2006 595 2089 Stygios
610 2006 707 2071 semel
723 2005 785 2069 isse
800 2026 856 2088 per
870 2001 1005 2067 amnes?
1138 2004 1181 2065 80

141 2105 320 2173 Adsensere
334 2110 404 2173 dei:
428 2132 489 2173 nee
502 2112 617 2196 conjux
631 2112 717 2193 regin
732 2110 837 2173 vultus

141 2208 291 2273 Immotos
306 2213 416 2290 tenuit,
432 2214 616 2298 plaoetoque
631 2215 744 2279 annuit
758 2236 822 2278 ore.

141 2312 225 2375 Tum
241 2325 339 2395 poter,
357 2316 479 2393 ‘Betis’
495 2318 549 2395 ait,
566 2320 703 2383 ‘ooelesti
719 2339 849 2383 munere
864 2317 964 2401 digni,

141 2416 288 2499 Quaeque
303 2421 393 2501 petis,
409 2441 466 2504 pro
480 2443 605 2505 quoque
620 2424 721 2506 petis:
746 2444 836 2505 cape,
852 2433 937 2500 nata,
953 2422 1045 2503 quod
1062 2421 1178 2505 optas!

185 2521 281 2587 Fatus
296 2536 371 2589 erat.
417 2526 554 2603 Gaudet,
568 2539 734 2610 gratesque
750 2528 815 2610 agit
829 2527 881 2591 illa
896 2526 1041 2609 parenti:
1137 2530 1179 2591 85

140 2625 260 2709 Perque
276 2628 360 2693 leves
373 2652 463 2695 auras
474 2632 590 2715 junctis
605 2632 730 2696 invecta
745 2631 897 2696 columbis

139 2728 242 2792 Littus
256 2732 322 2794 adit
336 2734 487 2812 Laurens,
504 2735 556 2799 ubi
572 2746 674 2799 tectus
689 2737 842 2801 arundine
858 2735 955 2817 serpit

140 2830 177 2895 In
194 2831 273 2896 freta
286 2835 440 2900 flumineis
455 2838 557 2901 vicina
572 2840 738 2904 Numicius
755 2841 856 2903 undis.

140 2933 238 3001 Hune
248 2938 338 3022 jubet
353 2939 474 3019 Enete,
490 2963 686 3024 quaecunque
701 2945 837 3008 obnoxia
850 2942 953 3021 morti,

140 3042 287 3122 Abluere,
302 3055 335 3109 et
349 3046 443 3111 tacito
458 3047 579 3111 deferre
594 3047 652 3109 sub
668 3069 795 3129 aequora
809 3068 913 3111 cursu.
1136 3054 1178 3116 90

138 3144 290 3231 Corniger
304 3151 481 3233 exsequitur
496 3152 626 3217 Veneris
640 3153 806 3217 mandata:
832 3152 970 3234 suisque,

139 3245 300 3332 Quicquid
316 3253 348 3314 in
365 3254 467 3318 AEneti
481 3257 581 3319 suerat
594 3256 735 3332 mortale,
751 3267 907 3337 repurgat,

139 3344 181 3410 Et
196 3355 344 3434 respergit
358 3358 455 3437 aquis.
501 3359 575 3421 Pers
590 3359 709 3438 optima
724 3358 834 3421 restitit
849 3359 902 3421 illi.

137 3444 318 3515 Lustratum
332 3457 463 3534 genitrix
479 3460 586 3522 divino
600 3481 713 3542 eorpus
728 3462 824 3523 odore

139 3545 246 3630 Unxit,
262 3565 294 3617 et
308 3556 461 3619 ambrosii
475 3578 545 3620 cum
562 3560 646 3625 dulci
661 3574 786 3627 nectare
802 3565 900 3629 mixti
1134 3575 1177 3637 95
1267 3582 1268 3585 ’
