2567 4209
139 338 186 403 32
418 334 537 385 OVID'S
559 332 887 385 usunuonrfloses.

141 502 255 569 Seetus
269 503 301 568 in
317 502 477 587 obliquum
491 514 541 567 est
556 504 619 569 luto
634 504 814 569 curvamine
829 502 928 581 limes,

140 606 359 690 Zonnrumque
375 609 467 673 trium
482 620 650 673 contentus
664 600 745 673 fine:
770 609 938 692 polumque
1105 612 1179 673 130

141 709 281 794 Effugito
295 713 471 790 anatolem,
483 714 687 797 junctamque
702 713 897 796 aquilonibus
912 711 1046 776 Arcton

141 812 215 879 Hie
230 816 266 879 fit
280 816 356 879 iter:
380 817 545 884 manifesto
561 828 637 881 rotae
653 814 784 900 vestigio
797 837 917 881 cernes.

141 918 248 1001 thue
264 920 366 985 ferant
380 942 487 1003 equos
501 932 534 987 et
548 922 664 989 ooelum
678 932 711 988 et
725 932 807 990 terre
821 922 949 999 selures,

142 1023 213 1088 Nec
228 1045 345 1107 preme,
362 1046 422 1089 nee
437 1046 592 1093 summum
607 1026 715 1096 molire
730 1047 786 1109 per
799 1026 918 1094 aethem
931 1046 1070 1089 currum.

142 1125 244 1191 Altius
259 1148 401 1211 egressus
415 1128 555 1193 ooelestiu
570 1141 655 1194 tectu
668 1130 820 1195 cremabis
831 1153 839 1207 ;
1103 1129 1175 1193 135

142 1229 285 1311 Inferiis,
301 1242 415 1297 terres:
440 1234 547 1299 medio
562 1234 735 1297 tutissimus
746 1234 814 1298 ibis.

143 1336 216 1401 Neu
232 1347 263 1401 te
279 1338 435 1403 dexterior
450 1349 565 1403 tortum
581 1339 719 1403 declinet
733 1340 765 1403 in
781 1338 939 1421 Anguem,

143 1442 233 1506 Neve
250 1442 418 1506 sinisterior
432 1464 571 1526 pressam
586 1456 654 1507 rota
669 1443 765 1509 duent
778 1446 821 1508 nd
836 1443 950 1509 Arum:

142 1544 228 1609 Inter
243 1556 407 1629 utrumque
423 1556 506 1610 tene.
552 1547 699 1611 Fortunae
715 1560 821 1613 cetere
834 1550 951 1612 urendo
960 1571 969 1627 3

143 1649 228 1721 Quae
240 1651 339 1734 juvet,
355 1660 388 1716 et
402 1651 521 1727 melius,
538 1653 632 1733 quim
648 1663 684 1715 tu
699 1654 764 1731 tibi,
780 1653 933 1731 oonsulet,
947 1662 1036 1736 opto.
1106 1657 1175 1719 140

142 1754 229 1819 Dum
243 1756 362 1837 loquor,
378 1754 533 1837 Hesperio
548 1756 665 1839 positas
679 1758 712 1821 in
728 1758 830 1821 littore
845 1767 946 1821 metus

143 1858 285 1925 Humido
300 1882 362 1925 nox
378 1860 490 1943 tetigit.
536 1860 611 1925 Non
627 1874 676 1925 est
685 1856 777 1925 mora
791 1861 887 1926 libers
900 1863 1009 1927 nobis:

144 1963 314 2029 Poseimur.
362 1966 503 2049 Effulget
518 1966 654 2029 tenebris
670 1966 792 2031 Aurora
807 1967 931 2049 sugatis.
1137 1952 1143 1961 ’

143 2068 272 2153 Corripe
288 2071 352 2135 lore
367 2094 482 2150 menu3
507 2072 565 2148 vel,
582 2073 607 2135 si
622 2071 772 2136 mutabile
787 2083 899 2155 peetus

144 2172 201 2237 Est
217 2175 282 2251 tibi,
299 2176 444 2251 consiliis
461 2196 525 2238 non
541 2176 692 2254 curribus,
707 2187 795 2243 utere
809 2177 932 2255 nostris,
1105 2183 1173 2244 145

143 2277 228 2341 Dum
245 2288 344 2360 potes,
362 2289 394 2341 et
409 2278 514 2343 solidis
527 2278 700 2344 etiamnum
716 2280 842 2344 sedibus
856 2283 979 2359 adstes;

143 2381 292 2465 Dumque
308 2382 389 2447 male
406 2393 529 2465 optatos
546 2385 687 2449 nondum
704 2386 818 2469 premis
833 2387 948 2451 insoius
962 2408 1046 2465 uses,

145 2488 229 2558 Quse
245 2497 330 2550 tutus
346 2498 479 2569 spectes,
496 2488 563 2551 sine
578 2510 629 2553 me
646 2491 722 2553 dore
737 2489 855 2555 lumino
869 2492 977 2557 terris?
1047 2486 1056 2497 ’

356 2722 536 2785 rusirnou
560 2744 687 2785 nnunns
709 2744 778 2787 run
803 2744 957 2787 cusnror.

189 2910 336 2995 Occupat
350 2912 401 2977 ille
416 2914 517 2977 levem
528 2915 659 2999 juvenili
674 2936 803 2998 corpore
818 2938 953 2994 currum,

146 3017 278 3100 Stetque
294 3018 397 3101 super,
413 3019 618 3102 manibusque
635 3020 724 3083 datus
739 3022 921 3103 contingere
937 3020 1075 3084 hebenus
1104 3022 1166 3084 150

146 3120 292 3201 Gaudet3
317 3134 349 3187 et
364 3124 462 3189 invito
477 3136 579 3208 gretes
595 3126 660 3209 agit
675 3126 749 3189 inde
765 3126 896 3208 parenti.

189 3227 313 3292 interea
330 3228 469 3295 volueres
485 3231 623 3314 Pyro'e'is‚
640 3232 736 3308 Eous,
752 3241 786 3293 et
801 3230 930 3307 AEthon,

147 3331 228 3397 Solis
244 3334 326 3413 equi,
343 3344 532 3415 quartusque
548 3334 700 3415 Phlegon,
717 3335 888 3398 hinnitibus
902 3355 993 3397 ouras

56 3480 58 3485 ·
145 3434 352 3504 Flammiferis
368 3436 507 3519 implent,
525 3438 718 3520 pedibusque
733 3439 881 3521 repagula
896 3439 1032 3522 pulsant.

146 3540 230 3611 Quse
247 3553 411 3624 postquem
429 3541 560 3624 Tethys,
576 3542 713 3605 fetorum
727 3543 835 3625 Quare
849 3542 985 3625 nepotis,
1104 3542 1161 3609 155

146 3646 286 3737 Repulit,
302 3657 335 3711 et
350 3646 433 3711 foetu
448 3656 496 3709 est
511 3646 656 3709 immensi
670 3648 762 3729 copie
777 3646 897 3724 mundi,

145 3746 332 3831 Corripuere
347 3750 440 3828 viem,
457 3750 653 3832 pedibusque
668 3771 724 3833 per
738 3752 811 3813 oiim
826 3749 929 3825 motis,
