2567 4209
545 322 687 374 eooxr.
1085 328 1130 390 tte

102 488 223 555 Hostes
238 512 372 576 quaeque
387 514 471 557 suos.
517 491 616 557 Amor
629 503 679 556 est
692 491 770 555 mihi
784 514 880 556 eeusa
895 490 1058 573 sequendi.

101 594 160 659 Me
175 595 342 661 miserum!
367 618 407 661 ne
423 618 522 680 prona
537 600 641 675 cedas,
657 598 827 680 indignave
842 596 915 662 ledi

101 699 204 763 Crura
219 712 328 795 secent
343 713 457 780 sentes,
475 713 507 765 et
523 703 580 767 sim
597 702 653 765 tibi
667 724 763 766 eausa
778 702 904 765 doloris.

101 790 314 888 Asperasqud
329 826 486 890 properas,
503 807 572 871 loca
587 818 670 871 sunt.
716 805 920 884 Moderatiiu,
936 825 1004 883 oro,
1060 806 1129 869 465

102 909 214 988 Curre,
231 910 399 993 fugamque
415 912 540 975 inhibe:
565 912 754 975 moderatius
769 912 914 993 insequar
928 910 1006 993 ipse.

102 1012 165 1077 Cui
181 1015 316 1097 placeas,
332 1016 452 1098 inquire
468 1026 584 1081 temen.
631 1016 706 1080 Non
722 1016 826 1079 incola
839 1016 966 1093 montis,
995 1032 1000 1039 '
1018 1054 1022 1059 ·

103 1118 180 1182 Nou
196 1140 257 1202 ego
271 1142 341 1183 sum
357 1132 480 1203 pastor:
505 1144 569 1185 non
586 1122 637 1185 hio
652 1113 793 1185 armenta
806 1140 957 1204 gregesve
988 1160 992 1163 -

102 1222 260 1287 Horridus
275 1225 416 1288 observo.
462 1226 584 1304 Nescis,
602 1228 774 1303 temeraria,
790 1226 902 1303 nescir,

104 1328 214 1397 Quem
229 1329 339 1411 fugies,
357 1331 492 1412 ideoque
509 1330 601 1413 sugis,
648 1331 729 1393 Mihi
741 1330 899 1411 Delphioa
913 1328 1005 1392 tellus
1064 1330 1129 1392 470

103 1432 148 1495 Et
163 1432 270 1497 Claros
285 1444 319 1497 et
334 1436 483 1498 Tenedos
498 1436 701 1517 Pataraeeque
717 1436 803 1517 regia
818 1436 921 1497 servit.

102 1535 228 1619 Jupiter
243 1549 291 1601 est
305 1540 438 1621 genitor.
485 1540 547 1603 Per
559 1561 621 1617 me,
637 1541 723 1622 quod
739 1540 869 1621 eritque,
886 1539 1018 1621 fuitque,

103 1640 235 1723 Estque,
252 1654 355 1725 patet:
381 1664 437 1726 per
451 1648 501 1707 me
519 1646 712 1708 concordant
727 1646 867 1707 carmina
879 1644 992 1707 nervis.

102 1748 199 1813 Certe
214 1751 339 1832 quidem
356 1763 461 1815 nostra
475 1762 542 1830 est3
567 1754 674 1815 nostri
689 1764 793 1815 tamen
809 1775 874 1815 une
889 1753 1002 1834 sagitta

13 1876 16 1883 ·
103 1853 235 1931 Certior,
252 1856 284 1917 in
299 1876 400 1919 vacuo
415 1878 485 1938 quae
502 1857 631 1919 vulnera
647 1868 775 1939 pectore
792 1858 876 1920 lecit.
1063 1858 1129 1919 475

104 1960 274 2023 Inventum
289 1961 447 2023 medicine
461 1980 568 2022 meum
583 1970 650 2037 est3
674 1961 836 2042 opiferque
851 1982 909 2043 per
922 1960 1030 2023 orbem

105 2063 211 2141 Dicor,
227 2073 260 2126 et
275 2064 440 2127 herbarum
456 2064 595 2148 subjecta
610 2064 751 2147 potentie
766 2064 866 2127 nobis.

106 2168 168 2231 Hei
183 2168 271 2247 mihi,
288 2169 373 2251 qudd
389 2168 481 2231 nullis
496 2190 583 2231 emor
598 2179 647 2231 est
661 2168 855 2232 medioebilie
869 2168 983 2246 herbis,

106 2272 177 2338 Neo
193 2284 323 2355 prosunt
338 2274 475 2351 domino,
493 2296 563 2355 quae
579 2285 711 2358 prosunt
725 2274 880 2352 omnibus,
896 2284 979 2337 ertee
989 2274 1018 2337 l'

106 2377 199 2443 Plura
213 2378 389 2443 locuturum
405 2378 514 2441 timido
530 2380 648 2443 Peneia
662 2400 756 2443 cursu
1062 2382 1129 2443 480
1187 2396 1189 2399 ⁴

107 2482 220 2565 Fugit3
244 2504 377 2565 cumque
394 2484 461 2566 ipso
477 2484 570 2547 verba
585 2484 769 2566 imperfecta
783 2484 917 2566 reliquit.

151 2587 197 2651 Ut
212 2588 297 2651 cenis
313 2588 345 2651 in
361 2609 462 2652 vacuo
476 2588 614 2672 leporem
631 2590 702 2651 oiim
717 2589 858 2679 Gallique
872 2610 947 2653 arvo
1041 2606 1043 2610 ’

106 2692 202 2769 Vidit,
219 2703 252 2756 et
266 2693 318 2757 hio
333 2695 472 2776 praedam
488 2694 725 2777 pedibus-petit,
741 2693 792 2757 ille
808 2694 960 2772 salutem3
1054 2693 1056 2698 ’

106 2796 194 2861 Alter
209 2798 365 2861 inhaesuro
380 2799 487 2861 similis
498 2799 564 2883 jam
576 2799 704 2883 jamque
720 2809 827 2861 tenere

108 2903 230 2985 Sperat,
246 2913 278 2965 et
294 2912 420 2965 extento
436 2903 558 2986 stringit
573 2905 703 2987 vestigia
718 2915 836 2982 roet103
1061 2907 1128 2970 485

107 2990 194 3069 Alter
211 3006 243 3070 in
258 3008 406 3091 ambiguo
421 3019 478 3086 est,
495 3030 536 3072 an
552 3009 592 3072 sit
606 3010 789 3093 deprensus,
805 3021 838 3073 et
852 3010 927 3093 ipsis

107 3110 263 3177 Morsibus
278 3112 416 3195 eripitur,
432 3113 654 3194 tangentiaque
670 3134 725 3175 ore
739 3113 905 3195 relinquit;

5 3286 7 3299 ‚
108 3216 160 3279 Sic
176 3217 254 3279 deus
269 3226 302 3279 et
317 3217 403 3300 virgo
417 3228 483 3280 est:
509 3217 560 3279 hio
574 3238 630 3300 spe
646 3216 739 3293 celer,
754 3217 807 3281 ille
822 3218 942 3282 timore.

107 3320 173 3389 Qui
189 3330 295 3383 temen
311 3321 492 3403 insequitur,
509 3322 620 3404 pennis
635 3322 761 3407 adjutus
777 3321 903 3386 Amoris

106 3425 202 3489 Ocior
217 3434 275 3502 est,
292 3426 492 3508 requiemque
508 3437 613 3509 negat,
630 3437 781 3509 tergoque
797 3427 901 3511 ergani
1060 3431 1128 3495 490

5 3612 6 3615 ¹
21 3621 24 3626 ‚
107 3530 261 3608 Imminet,
278 3540 312 3593 et
326 3531 444 3594 crinem
460 3552 601 3613 sparsum
616 3530 790 3595 cervicibus
804 3533 900 3596 efflat.

149 3636 274 3700 Viribus
289 3636 471 3719 absumptis,
487 3636 636 3719 expalluit
650 3635 713 3713 ille,
729 3638 862 3719 oitaeque

5 3732 6 3743 ²
107 3739 199 3805 Viete
213 3740 318 3805 labore
334 3737 427 3823 iuge,
444 3750 589 3824 spectans
604 3740 761 3805 Peneidas
775 3743 886 3819 undae,
