2567 4209
559 306 657 357 aoox
680 306 700 356 1.
1091 364 1095 372 ,
1118 309 1156 369 ll

137 472 315 557 Cornaque,
332 484 364 538 et
378 475 411 538 in
427 474 512 539 duris
527 474 678 539 haerentia
692 495 779 539 mora
794 473 921 550 rubetis,
979 496 983 502 ’
1095 478 1158 542 loo

138 577 190 656 Et,
206 600 277 661 quae
293 580 475 643 deciderant
491 580 599 663 patuli
613 578 701 644 lovis
715 580 835 657 arbore,
849 578 991 661 glandes.

139 682 202 745 Ver
217 693 284 747 erat
298 694 460 762 aeternum,
476 684 652 771 placidique
668 684 845 767 tepentibus
859 682 942 758 auris

138 786 325 851 Mulcebant
339 789 472 873 Zephyri
491 799 580 853 natos
596 790 664 852 sine
678 789 797 852 semiue
812 788 914 851 florea.

139 890 217 955 Mox
233 892 328 956 etiam
344 893 447 976 fruges
463 894 554 956 tellus
569 894 688 957 inarata
702 886 831 969 serebat,

140 996 211 1060 Nec
226 1008 391 1061 renovatus
406 1018 480 1081 ager
494 998 629 1081 gravidis
645 996 780 1061 canebat
793 998 904 1061 aristis.
1096 1003 1158 1064 110

140 1100 286 1166 Flumina
297 1102 362 1187 jam
377 1102 475 1180 lactis,
488 1103 553 1188 jam
569 1102 697 1166 flumina
712 1102 848 1165 nectaris
864 1101 962 1179 ibant,

140 1204 299 1288 Flavaque
315 1208 356 1269 de
372 1206 462 1270 viridi
477 1206 634 1271 stillabant
648 1205 719 1270 ilice
734 1205 835 1269 mella.

186 1312 366 1396 Postquam,
384 1315 519 1377 Saturno
535 1313 701 1376 tenebrosa
715 1314 748 1377 in
763 1314 895 1377 'raram
909 1314 1014 1391 misso,

142 1416 210 1482 Sub
224 1416 303 1482 Jove
319 1418 455 1482 mundus
470 1428 546 1494 erat,
563 1418 656 1480 subiit
671 1427 820 1516 argentea
833 1417 945 1499 proles,

141 1522 229 1585 Auro
244 1522 388 1601 deterior,
405 1522 491 1585 lulvo
505 1521 667 1604 pretiosior
681 1542 754 1584 aare.
1096 1526 1158 1588 115

140 1625 263 1711 Jupiter
277 1628 396 1710 antiqui
412 1627 565 1691 contraxit
581 1637 722 1709 tempora
736 1627 835 1706 veris3

141 1731 262 1814 Perque
278 1730 396 1795 hiemes
412 1720 567 1813 aestusque
583 1742 615 1795 et
630 1731 800 1813 inaequales
814 1742 982 1795 autumnos

140 1834 183 1897 Et
197 1835 291 1899 breve
305 1856 359 1899 ver
374 1836 480 1917 spatiis
494 1836 599 1917 exegit
613 1846 746 1918 quatuor
760 1858 889 1900 annum.

141 1940 226 2003 Tum
241 1940 375 2025 primdm
391 1939 482 2002 siccis
497 1942 551 2002 aer
566 1938 737 2002 fervoribus
752 1950 840 2002 ustus

141 2044 289 2122 canduit,
306 2054 339 2107 et
353 2042 454 2107 ventis
468 2042 585 2125 glacies
599 2043 748 2107 adstricta
762 2043 922 2130 pependit.
1097 2048 1159 2109 lto

141 2150 226 2213 'l'um
241 2149 373 2231 primum
389 2146 510 2211 subiere
527 2147 648 2237 domos.
694 2145 815 2211 Domus
829 2159 919 2212 antra
933 2148 1070 2227 inaniat,

142 2255 185 2317 Et
198 2253 288 2317 densi
303 2252 440 2330 frutices,
456 2262 489 2315 et
504 2252 617 2315 vinctae
633 2252 748 2342 cortice
763 2253 868 2335 virgae.

142 2358 272 2422 Semina
287 2366 353 2421 tum
369 2357 501 2440 primdm
516 2355 616 2439 longis
631 2356 772 2420 Cerealia
787 2358 879 2421 sulcis

141 2462 264 2527 Obruta
279 2471 361 2539 sunt,
378 2461 536 2542 pressique
548 2460 627 2545 jugo
640 2462 789 2543 gemuere
800 2463 950 2546 juvenci„

184 2566 292 2630 Tertia
307 2576 377 2649 post
392 2564 458 2628 illas
473 2566 622 2628 successit
636 2568 737 2628 alinea
750 2564 862 2647 proles,
1096 2570 1158 2633 125

142 2670 262 2736 Soevior
276 2668 418 2753 ingeniis,
434 2678 466 2731 et
481 2669 522 2732 ad
538 2668 662 2732 horrida
677 2671 848 2752 promptior
861 2692 965 2749 anua3

141 2774 212 2839 Neo
227 2772 378 2837 scelerata
393 2782 508 2835 tamen.
554 2770 604 2835 De
619 2772 699 2835 duro
713 2782 762 2835 est
776 2772 885 2836 ultima
900 2772 991 2837 ferro.

140 2879 285 2943 Protinus
299 2878 441 2960 irrumpit
454 2896 545 2939 venae
560 2876 673 2961 pejoris
688 2876 720 2939 in
735 2882 843 2940 aevum'

141 2984 245 3048 Omne
262 2982 367 3046 nefas:
392 2981 499 3064 fugere
515 2980 616 3061 pudor
631 3001 802 3063 verumque
817 2982 977 3063 fidesque3

140 3090 177 3153 In
193 3108 324 3171 quorum
340 3086 461 3149 subiere
476 3084 581 3147 locum
597 3084 795 3164 fraudesque,
811 3084 946 3166 dolique,
1095 3088 1159 3152 130

139 3193 338 3273 Insidiaeque,
353 3201 386 3253 et
401 3189 457 3266 vis,
474 3198 507 3251 et
521 3207 608 3249 amor
622 3186 789 3249 sceleratus
805 3186 951 3251 habendi.

139 3297 218 3362 Vela
233 3295 351 3359 dabant
366 3294 476 3370 ventis,
492 3312 554 3355 nec
568 3290 673 3355 adhuc
687 3290 768 3355 bene
784 3303 914 3357 noverat
928 3292 997 3357 illos

139 3402 274 3466 Navita:
299 3417 431 3480 quaeque
447 3396 502 3458 diu
517 3395 713 3458 steterentin
730 3396 886 3461 montibus
900 3397 980 3476 altis,

140 3504 300 3571 Fluctibus
315 3500 429 3583 ignotis
445 3499 630 3563 insultavdre
646 3500 779 3564 carinae:

139 3612 410 3688 Communemque
425 3603 520 3685 priris,
536 3622 594 3666 ceu
610 3601 728 3666 lumina
742 3604 816 3667 solis
829 3612 863 3667 et
876 3622 977 3680 amaa,
1097 3606 1159 3669 135

139 3716 260 3781 Cautus
275 3710 406 3774 humum
421 3707 516 3788 longo
531 3706 665 3787 signavit
679 3705 777 3770 limite
792 3726 928 3770 mensor.
