2567 4209
552 316 650 369 Book
672 317 708 369 11.

86 482 290 550 Obstantes
304 486 429 551 findunt
443 487 582 567 nebulas,
599 488 777 572 pennisque
787 485 880 551 lereti

86 588 310 655 Praetereunt
324 602 408 655 ortos
423 591 523 656 isdem
539 594 580 656 de
596 593 734 675 pertibus
750 567 862 654 Euros.¹

87 694 166 757 Sed
186 690 268 759 leve
284 697 408 778 pondus
422 706 499 774 eret,
515 718 575 761 nec
589 698 677 779 quod
692 717 882 778 cognoscere
897 703 1026 778 pmsenr
1077 693 1142 756 lffl

88 797 185 861 Solis
202 801 297 881 equi,
313 800 463 883 solitique
473 802 587 885 ‘jugum
602 802 754 883 gravitate
768 800 904 863 cerebet.

86 898 214 985 thue
237 902 346 967 labent
360 925 464 967 curvae
477 906 562 990 justo
577 905 644 967 sine
660 905 799 986 pondere
814 924 920 981 neves,

87 1004 232 1088 Perque
251 1028 336 1071 mere
351 1008 510 1073 instabiles
525 1008 622 1071 nimii
635 1009 762 1072 levitate
777 1008 938 1086 serentum

87 1110 153 1174 Sic
171 1132 280 1175 onere
295 1114 427 1176 edsueto
442 1134 558 1176 vacuus
573 1115 628 1177 dat
644 1113 677 1177 in
692 1116 764 1176 aire
781 1111 888 1189 saltus,

88 1216 358 1299 Sueeutiturque
373 1218 446 1295 alte,
463 1216 631 1299 similisque
647 1227 695 1279 est
710 1238 817 1280 currus
831 1215 927 1280 inani.
1074 1218 1137 1281 165

89 1318 207 1388 Quod
225 1320 374 1409 simulac
390 1322 525 1398 sensere
542 1330 647 1399 ruunt,
663 1320 831 1401 tritumque
846 1320 1026 1403 relinqunt

90 1424 303 1510 Quadriiugi
319 1425 463 1508 spatium,
480 1446 550 1503 nec,
566 1446 629 1507 quo
643 1424 737 1507 prius,
753 1424 862 1487 ordine
877 1432 1015 1487 currunt.

91 1524 175 1609 Ipse
193 1538 295 1610 pavet
301 1552 314 1611 ἴς
339 1549 399 1591 nec
414 1529 477 1610 que
492 1528 671 1591 commissas
685 1528 792 1590 flectet
807 1526 955 1603 hebenus,

93 1630 175 1695 Nec
191 1634 268 1709 scit,
285 1634 347 1714 qui
362 1633 401 1695 sit
417 1633 491 1696 iter:
517 1652 587 1710 nec,
604 1633 629 1695 si
645 1632 733 1711 sciet,
748 1632 882 1715 imperet
895 1630 966 1695 illis.

92 1734 192 1799 Tum
209 1737 344 1820 primurn
360 1738 452 1801 rediis
467 1737 561 1820 gelidi
577 1737 701 1801 caluere
717 1738 861 1814 Triones,
1073 1738 1138 1801 m

95 1838 144 1901 Et
161 1840 267 1903 vetito
282 1841 394 1903 snrstri
408 1843 569 1903 tentirunt
583 1862 709 1922 aequore
720 1841 808 1922 tingi.

98 1942 261 2027 Quaeque
277 1944 350 2026 poio
365 1945 467 2026 posite
481 1953 529 2005 est
543 1944 665 2025 glaciali
680 1945 821 2026 proxime
835 1944 985 2024 Serpens,

99 2045 240 2130 Frigore
257 2048 344 2131 pigre
360 2048 453 2129 prius,
470 2068 530 2111 nec
545 2047 748 2114 formidabilis
763 2046 827 2124 ulli,

100 2150 256 2230 Incaluit,
272 2152 466 2234 sumpsitque
482 2172 578 2214 noves
593 2150 763 2215 fervoribus
778 2152 848 2214 ires.

99 2254 156 2319 Te
174 2277 302 2339 quoque
319 2256 475 2319 turbatum
490 2266 665 2319 memorent
680 2256 805 2339 fugisse,
822 2255 941 2335 Boote3
1072 2260 1136 2323 17²5

103 2360 269 2430 Quamvis
284 2362 390 2424 tardus
406 2382 484 2439 eres,
499 2372 532 2425 et
547 2372 578 2425 te
595 2372 651 2424 tua
665 2361 802 2443 plaustro
817 2360 976 2425 tenebunt.

152 2466 290 2531 Ut·vero
306 2488 427 2531 summo
442 2468 585 2549 despexit
599 2468 639 2531 ab
654 2468 771 2531 aethere
786 2478 884 2531 terres

105 2568 225 2633 Infelix
240 2570 414 2650 Phaethon,
431 2572 553 2654 penitus
569 2572 753 2655 penitusque
765 2573 917 2656 jacentes,

106 2672 237 2754 Palluit,
252 2686 284 2738 ct
300 2676 402 2739 subito
416 2696 520 2758 genua
535 2676 724 2739 intremuere
739 2676 869 2752 timore3

108 2776 261 2864 Suntque
278 2780 375 2845 oculis
391 2781 528 2845 tenebre
545 2800 601 2864 per
615 2790 738 2843 tentum
753 2779 860 2843 lumen
875 2778 1017 2859 obortu
1074 2781 1137 2845 18ss

110 2880 155 2947 Et
168 2886 233 2970 jem
249 2884 354 2949 mallet
368 2903 466 2967 equos
481 2904 642 2967 nunquam
657 2884 796 2967 tetigisse
811 2894 976 2968 petemus3

110 2984 247 3072 Jamque
262 2991 394 3071 agnosse
409 3010 511 3071 genus
526 2989 622 3071 piget,
637 3001 671 3052 et
685 2989 816 3052 vniuisse
831 2988 990 3071 rogando:

111 3090 186 3157 Jam
201 3094 339 3176 Meropis
356 3094 418 3156 dici
434 3093 584 3173 cupiens3
608 3093 652 3155 ite
668 3093 775 3167 fertur,⁴
789 3102 824 3153 ut
838 3102 911 3155 acta

111 3195 269 3281 Praecipiti
283 3198 375 3279 pinus
391 3196 502 3273 Boreiq
519 3196 568 3259 cui
585 3196 668 3257 victa
683 3193 802 3257 remisit

113 3298 225 3365 Frena
239 3323 313 3363 suus
329 3310 441 3377 rector,
457 3321 551 3382 quarn
567 3298 616 3363 dis
631 3299 774 3380 votisque
789 3298 922 3380 reliquit
1073 3305 1137 3367 185

111 3404 203 3474 Quid
219 3406 333 3469 saciet?
358 3405 490 3467 multum
506 3405 577 3469 coeli
593 3414 665 3486 post
679 3413 767 3486 terga
781 3404 934 3483 relictum,

114 3508 198 3573 Ante
213 3509 320 3573 oculos
336 3508 405 3591 plus
419 3519 485 3571 est:
510 3509 615 3571 animo
632 3508 757 3571 metitur
771 3518 948 3591 utrumque.

115 3610 155 3676 Et
169 3614 274 3691 modo,
290 3635 368 3697 quos
383 3612 428 3677 illi
444 3612 508 3676 feto
523 3612 706 3693 contingere
721 3632 786 3676 non
800 3623 859 3690 est,

66 3716 69 3722 ’
115 3715 266 3799 Prospicit
280 3738 428 3795 occasus;
453 3716 609 3781 interdurn
625 3715 752 3796 respicit
765 3725 861 3781 ortus.
