2567 4209
542 314 641 365 soon
664 316 711 365 111.
1072 321 1132 381 117

104 481 217 547 Poscit
232 505 344 565 opem:
369 484 504 548 subeunt
518 485 562 549 illi
578 485 748 567 fratresque
763 506 956 569 parensque3

105 586 197 651 Huic
212 609 285 651 cum
301 589 481 671 pignoribus
495 590 621 667 domus,
633 600 666 653 et
681 590 765 673 quod
780 590 893 673 cuique
909 590 1050 653 relictum
1066 601 1123 653 est.

104 690 276 776 Halcyone
291 694 397 779 Ceyca
411 705 533 758 movet:
558 695 670 781 Ceycis
686 696 718 758 in
735 716 789 759 ore
1071 696 1128 758 181

106 797 207 861 Nulla
223 799 282 861 nisi
298 798 463 883 Halcyone
478 810 542 863 est:
568 810 610 877 et,
627 801 699 864 cum
714 800 872 863 desideret
886 820 991 878 unam,

104 902 237 967 Gaudet
251 904 359 967 abesse
375 915 491 968 tamen.
536 905 648 968 Patriae
664 905 787 989 qudque
804 904 896 967 vellet
910 906 952 967 ad
967 924 1037 971 oras

104 1008 289 1090 Respicere,
305 1009 399 1091 inque
415 1010 544 1073 domum
559 1031 720 1092 supremos
736 1021 853 1073 vertere
870 1010 983 1073 vultus.

105 1114 226 1177 Verum
242 1114 294 1177 ubi
310 1115 350 1177 sit
364 1115 475 1178 nescit.
520 1116 626 1179 Tantis
640 1115 792 1198 vertigine
808 1124 923 1197 pontus
1069 1118 1132 1181 185

105 1218 241 1297 Fervet3
265 1230 297 1282 et
312 1220 443 1283 inducte
458 1220 554 1302 piceis
568 1242 587 1283 e
603 1220 738 1283 nubibus
753 1220 864 1283 umbrd

106 1323 215 1387 Omne
231 1325 306 1387 latet
321 1324 446 1403 coelum,
462 1324 683 1407 duplicataque
699 1324 799 1389 noctis
814 1324 917 1407 imago
932 1336 990 1388 est.

154 1429 319 1513 Frangitur
334 1430 460 1493 incursu
476 1430 611 1493 nimbosi
624 1430 755 1494 turbinis
770 1430 879 1494 arbos:

105 1534 273 1617 Frangitur
288 1546 321 1599 et
335 1535 492 1618 regimen:
517 1534 685 1619 spoliisque
701 1536 841 1599 animosa
855 1545 1035 1619 superstans

105 1641 213 1718 Unda,
229 1640 315 1704 velut
330 1642 448 1719 victrix,
464 1642 602 1706 sinuatas
617 1642 750 1725 despicit
765 1642 876 1707 undas.
1066 1647 1130 1708 190

107 1746 180 1809 Nec
194 1746 302 1824 levius,
318 1748 412 1830 quam
427 1748 452 1810 si
468 1748 536 1829 quis
551 1747 670 1825 Athon,
687 1748 871 1826 Pindumve,
887 1748 1025 1812 revulsos

108 1852 193 1915 Sede
209 1853 275 1930 sud,
292 1863 374 1915 totos
389 1852 421 1916 in
436 1864 580 1935 apertum
595 1854 741 1915 everterit
756 1875 873 1935 aequor,

106 1956 305 2040 Praecipitata
318 1958 390 2035 ruit,
406 1957 581 2039 pariterque
596 1970 629 2019 et
645 1958 782 2039 pondere
798 1968 831 2020 et
846 1958 910 2021 ictu

106 2062 223 2146 Mergit
237 2063 270 2126 iu
285 2064 347 2127 ima
363 2073 471 2140 ratem,
488 2084 561 2125 cum
576 2062 638 2143 qud
654 2082 724 2143 pars
739 2082 853 2145 magna
869 2062 1002 2126 virorum

106 2167 238 2250 Gurgite
255 2190 362 2251 pressa
375 2168 471 2251 gravi,
488 2188 590 2251 neque
605 2167 638 2229 in
654 2170 727 2230 adra
741 2167 873 2246 reddita,
889 2166 955 2231 fato
1064 2173 1126 2234 195

106 2274 229 2337 Functa
244 2296 301 2337 suo
315 2285 372 2338 est.
419 2274 482 2337 Alii
497 2284 600 2356 partes
614 2282 648 2336 et
663 2273 803 2337 membra
818 2273 932 2337 carinae

105 2379 235 2442 Tmnca
249 2390 368 2442 tenent
414 2380 518 2442 Tenet
533 2379 600 2462 ipse
615 2400 721 2457 manu,
738 2379 800 2462 qua
815 2389 937 2462 sceptra
952 2378 1081 2459 solebat,

106 2484 273 2566 Fragmina
288 2484 401 2566 navigii
416 2483 513 2569 Ceyx,
530 2504 735 2566 socemmque
751 2495 933 2566 patremque

107 2589 246 2667 Invocat,
263 2590 341 2652 heu!
358 2588 479 2652 trustrt.
526 2589 739 2680 Sedjplurime
755 2589 858 2652 nantis
874 2589 905 2651 in
922 2610 975 2651 ore

105 2694 270 2778 Halcyone
286 2695 410 2779 conjux.
456 2692 543 2757 illam
558 2694 763 2776 meminitque
779 2693 951 2775 refertque:
1060 2697 1126 2759 200

106 2801 191 2864 lllius
205 2811 280 2863 ante
295 2799 402 2863 oculos
417 2809 452 2862 ut
466 2809 562 2882 agant
576 2820 633 2862 sua
648 2818 777 2881 corpora
793 2799 916 2876 fluctus,

106 2907 214 2990 Optat,
230 2916 264 2969 et
277 2905 427 2969 exanimis
442 2905 585 2968 manibus
600 2903 771 2968 tumuletur
786 2905 903 2968 amicis.

105 3011 190 3075 Dum
206 3021 303 3087 natat,
318 3012 490 3087 absentem,
505 3011 627 3093 quoties
642 3010 716 3073 sinit
730 3010 848 3073 hiscere
864 3010 988 3084 fluctus,

106 3117 256 3180 Nominat
271 3116 468 3199 Halcyonen,
485 3115 619 3198 ipsisque
634 3115 850 3177 immurmurat
866 3113 967 3176 undis.

106 3221 189 3285 Ecce
205 3241 298 3302 super
312 3221 432 3283 medios
447 3220 561 3284 fluctus
576 3219 665 3301 niger
680 3238 770 3281 arcus
785 3238 936 3300 aquarum
1059 3222 1125 3283 205

106 3325 279 3407 Frangitur,
295 3335 328 3387 et
342 3326 433 3406 rupti
447 3346 583 3388 mersum
598 3333 694 3406 caput
709 3322 811 3387 obmit
827 3322 922 3387 unda.

105 3429 230 3494 Lucifer
244 3429 403 3506 obscums‚
420 3450 480 3493 nec
495 3450 588 3511 quem
603 3450 792 3511 cognoscere
808 3450 925 3511 posses,

106 3534 161 3598 Illa
175 3545 269 3598 nocte
285 3533 360 3597 fuit:
386 3534 595 3616 quoniamque
610 3534 763 3597 excedere
779 3534 917 3617 Olympo

107 3640 178 3705 Non
193 3639 292 3717 licuit,
307 3639 413 3703 densis
428 3638 505 3702 texit
519 3660 577 3701 sua
590 3638 726 3700 nubibus
741 3656 806 3699 ora.
