<?xml version="1.0" encoding="UTF-8"?>
<!DOCTYPE html PUBLIC "-//W3C//DTD XHTML 1.0 Transitional//EN"
    "http://www.w3.org/TR/xhtml1/DTD/xhtml1-transitional.dtd">
<html xmlns="http://www.w3.org/1999/xhtml" xml:lang="en" lang="en">
 <head>
  <title>
</title>
<meta http-equiv="Content-Type" content="text/html;charset=utf-8" />
  <meta name='ocr-system' content='tesseract 3.04.00' />
  <meta name='ocr-capabilities' content='ocr_page ocr_carea ocr_par ocr_line ocrx_word'/>
</head>
<body>
  <div class='ocr_page' id='page_1' title='image "./selectionsfromm00andrgoog_0131.png"; bbox 0 0 2567 4209; ppageno 0'>
   <div class='ocr_carea' id='block_1_1' title="bbox 522 320 1112 385">
    <p class='ocr_par' dir='ltr' id='par_1_1' title="bbox 522 320 1112 385">
     <span class='ocr_line' id='line_1_1' title="bbox 522 320 1112 385; baseline -0.002 -14"><span class='ocrx_word' id='word_1_1' title='bbox 522 320 620 373; x_wconf 77' lang='lat' dir='ltr'><strong>soor&lt;</strong></span> <span class='ocrx_word' id='word_1_2' title='bbox 643 320 690 373; x_wconf 84' lang='lat' dir='ltr'><strong>m.</strong></span> <span class='ocrx_word' id='word_1_3' title='bbox 1050 322 1112 385; x_wconf 75' lang='lat'><strong>123</strong></span> 
     </span>
    </p>
   </div>
   <div class='ocr_carea' id='block_1_2' title="bbox 42 488 1116 2897">
    <p class='ocr_par' dir='ltr' id='par_1_2' title="bbox 42 488 1109 892">
     <span class='ocr_line' id='line_1_2' title="bbox 42 488 1089 575; baseline -0.002 -22"><span class='ocrx_word' id='word_1_4' title='bbox 42 488 139 554; x_wconf 92' lang='lat' dir='ltr'><strong>Hoc</strong></span> <span class='ocrx_word' id='word_1_5' title='bbox 159 492 280 556; x_wconf 76' lang='lat' dir='ltr'><strong>minis</strong></span> <span class='ocrx_word' id='word_1_6' title='bbox 296 503 328 556; x_wconf 89' lang='lat' dir='ltr'><strong>et</strong></span> <span class='ocrx_word' id='word_1_7' title='bbox 342 494 444 557; x_wconf 82' lang='lat' dir='ltr'><strong>mimis</strong></span> <span class='ocrx_word' id='word_1_8' title='bbox 459 504 507 557; x_wconf 89' lang='lat' dir='ltr'><strong>est</strong></span> <span class='ocrx_word' id='word_1_9' title='bbox 521 515 629 557; x_wconf 86' lang='lat' dir='ltr'><strong>amens</strong></span> <span class='ocrx_word' id='word_1_10' title='bbox 645 513 711 557; x_wconf 86' lang='lat' dir='ltr'><strong>sua.</strong></span> <span class='ocrx_word' id='word_1_11' title='bbox 757 490 890 575; x_wconf 79' lang='lat' dir='ltr'><strong>Jamque</strong></span> <span class='ocrx_word' id='word_1_12' title='bbox 906 488 1089 575; x_wconf 83' lang='lat' dir='ltr'><strong>propinquae</strong></span> 
     </span>
     <span class='ocr_line' id='line_1_3' title="bbox 48 595 1109 683; baseline -0.001 -25"><span class='ocrx_word' id='word_1_13' title='bbox 48 595 264 660; x_wconf 87' lang='lat' dir='ltr'><strong>Admotum</strong></span> <span class='ocrx_word' id='word_1_14' title='bbox 281 610 380 676; x_wconf 70' lang='lat' dir='ltr'><strong>terras,</strong></span> <span class='ocrx_word' id='word_1_15' title='bbox 392 599 457 683; x_wconf 86' lang='lat' dir='ltr'><strong>jam</strong></span> <span class='ocrx_word' id='word_1_16' title='bbox 473 599 556 682; x_wconf 91' lang='lat' dir='ltr'><strong>quod</strong></span> <span class='ocrx_word' id='word_1_17' title='bbox 573 618 763 681; x_wconf 84' lang='lat' dir='ltr'><strong>cognoscere</strong></span> <span class='ocrx_word' id='word_1_18' title='bbox 778 606 893 681; x_wconf 89' lang='lat' dir='ltr'><strong>posset,</strong></span> <span class='ocrx_word' id='word_1_19' title='bbox 1046 596 1109 659; x_wconf 88' lang='grc'><strong>361</strong></span> 
     </span>
     <span class='ocr_line' id='line_1_4' title="bbox 46 700 1002 789; baseline 0.002 -27"><span class='ocrx_word' id='word_1_20' title='bbox 46 700 201 765; x_wconf 89' lang='lat' dir='ltr'><strong>Cernit.</strong></span> <span class='ocrx_word' id='word_1_21' title='bbox 256 702 331 767; x_wconf 85' lang='lat' dir='ltr'>Erat</span> <span class='ocrx_word' id='word_1_22' title='bbox 345 705 470 789; x_wconf 82' lang='lat' dir='ltr'><strong>conjux.</strong></span> <span class='ocrx_word' id='word_1_23' title='bbox 517 703 591 767; x_wconf 88' lang='lat' dir='ltr'><strong>‘llle</strong></span> <span class='ocrx_word' id='word_1_24' title='bbox 607 704 675 781; x_wconf 89' lang='lat' dir='ltr'><strong>est,’</strong></span> <span class='ocrx_word' id='word_1_25' title='bbox 693 702 864 767; x_wconf 84' lang='lat' dir='ltr'><strong>exclamat:</strong></span> <span class='ocrx_word' id='word_1_26' title='bbox 889 710 922 765; x_wconf 91' lang='lat' dir='ltr'><strong>et</strong></span> <span class='ocrx_word' id='word_1_27' title='bbox 937 701 1002 764; x_wconf 72' lang='lat' dir='ltr'><strong>una</strong></span> 
     </span>
     <span class='ocr_line' id='line_1_5' title="bbox 50 807 985 892; baseline 0 -23"><span class='ocrx_word' id='word_1_28' title='bbox 50 807 146 885; x_wconf 85' lang='lat' dir='ltr'><strong>Ora,</strong></span> <span class='ocrx_word' id='word_1_29' title='bbox 167 830 298 887; x_wconf 90' lang='lat' dir='ltr'><strong>comas,</strong></span> <span class='ocrx_word' id='word_1_30' title='bbox 315 821 432 872; x_wconf 90' lang='lat' dir='ltr'><strong>vestem</strong></span> <span class='ocrx_word' id='word_1_31' title='bbox 448 809 580 873; x_wconf 85' lang='lat' dir='ltr'><strong>lacerat:</strong></span> <span class='ocrx_word' id='word_1_32' title='bbox 605 811 801 892; x_wconf 86' lang='lat' dir='ltr'><strong>tendensque</strong></span> <span class='ocrx_word' id='word_1_33' title='bbox 817 817 985 871; x_wconf 88' lang='lat' dir='ltr'><strong>trementes</strong></span> 
     </span>
    </p>

    <p class='ocr_par' dir='ltr' id='par_1_3' title="bbox 51 913 852 999">
     <span class='ocr_line' id='line_1_6' title="bbox 51 913 852 999; baseline 0.002 -24"><span class='ocrx_word' id='word_1_34' title='bbox 51 913 117 975; x_wconf 93' lang='lat' dir='ltr'><strong>Ad</strong></span> <span class='ocrx_word' id='word_1_35' title='bbox 137 913 266 997; x_wconf 64' lang='lat' dir='ltr'><strong>Ceyca</strong></span> <span class='ocrx_word' id='word_1_36' title='bbox 281 937 401 993; x_wconf 90' lang='lat' dir='ltr'><strong>manus,</strong></span> <span class='ocrx_word' id='word_1_37' title='bbox 419 916 504 994; x_wconf 64' lang='lat' dir='ltr'><strong>‘sia</strong></span> <span class='ocrx_word' id='word_1_38' title='bbox 520 938 540 979; x_wconf 92' lang='lat' dir='ltr'><strong>o</strong></span> <span class='ocrx_word' id='word_1_39' title='bbox 555 915 711 980; x_wconf 82' lang='lat' dir='ltr'><strong>carissime</strong></span> <span class='ocrx_word' id='word_1_40' title='bbox 728 915 852 999; x_wconf 84' lang='lat' dir='ltr'><strong>conjux,</strong></span> 
     </span>
    </p>

    <p class='ocr_par' dir='ltr' id='par_1_4' title="bbox 56 1018 1112 1210">
     <span class='ocr_line' id='line_1_7' title="bbox 57 1018 1112 1105; baseline -0.001 -24"><span class='ocrx_word' id='word_1_41' title='bbox 57 1019 124 1082; x_wconf 86' lang='lat' dir='ltr'><strong>Sic</strong></span> <span class='ocrx_word' id='word_1_42' title='bbox 142 1020 194 1083; x_wconf 87' lang='lat' dir='ltr'><strong>ad</strong></span> <span class='ocrx_word' id='word_1_43' title='bbox 214 1041 279 1097; x_wconf 89' lang='lat' dir='ltr'><strong>me,</strong></span> <span class='ocrx_word' id='word_1_44' title='bbox 295 1021 480 1098; x_wconf 86' lang='lat' dir='ltr'><strong>miserande,</strong></span> <span class='ocrx_word' id='word_1_45' title='bbox 496 1020 620 1084; x_wconf 81' lang='lat' dir='ltr'><strong>redisi&#39;</strong></span> <span class='ocrx_word' id='word_1_46' title='bbox 645 1020 698 1084; x_wconf 87' lang='lat' dir='ltr'><strong>ait.</strong></span> <span class='ocrx_word' id='word_1_47' title='bbox 745 1020 880 1105; x_wconf 83' lang='lat' dir='ltr'><strong>Adjecet</strong></span> <span class='ocrx_word' id='word_1_48' title='bbox 894 1018 987 1082; x_wconf 89' lang='lat' dir='ltr'><strong>undis</strong></span> <span class='ocrx_word' id='word_1_49' title='bbox 1046 1018 1112 1082; x_wconf 88' lang='grc'><strong>365</strong></span> 
     </span>
     <span class='ocr_line' id='line_1_8' title="bbox 56 1126 864 1210; baseline 0.001 -22"><span class='ocrx_word' id='word_1_50' title='bbox 56 1126 176 1189; x_wconf 86' lang='lat' dir='ltr'><strong>Facta</strong></span> <span class='ocrx_word' id='word_1_51' title='bbox 195 1148 299 1190; x_wconf 85' lang='lat' dir='ltr'><strong>manu</strong></span> <span class='ocrx_word' id='word_1_52' title='bbox 315 1128 423 1205; x_wconf 90' lang='lat' dir='ltr'><strong>moles,</strong></span> <span class='ocrx_word' id='word_1_53' title='bbox 439 1149 509 1210; x_wconf 82' lang='lat' dir='ltr'><strong>quae</strong></span> <span class='ocrx_word' id='word_1_54' title='bbox 526 1128 639 1209; x_wconf 90' lang='lat' dir='ltr'><strong>primas</strong></span> <span class='ocrx_word' id='word_1_55' title='bbox 656 1127 788 1209; x_wconf 68' lang='lat' dir='ltr'><strong>aequoris</strong></span> <span class='ocrx_word' id='word_1_56' title='bbox 804 1126 864 1189; x_wconf 86' lang='lat' dir='ltr'><strong>iras</strong></span> 
     </span>
    </p>

    <p class='ocr_par' dir='ltr' id='par_1_5' title="bbox 62 1231 914 1316">
     <span class='ocr_line' id='line_1_9' title="bbox 62 1231 914 1316; baseline 0.001 -21"><span class='ocrx_word' id='word_1_57' title='bbox 62 1232 229 1315; x_wconf 87' lang='lat' dir='ltr'><strong>Frangit,</strong></span> <span class='ocrx_word' id='word_1_58' title='bbox 247 1245 280 1296; x_wconf 88' lang='lat' dir='ltr'><strong>et</strong></span> <span class='ocrx_word' id='word_1_59' title='bbox 295 1234 437 1296; x_wconf 88' lang='lat' dir='ltr'><strong>incursus</strong></span> <span class='ocrx_word' id='word_1_60' title='bbox 452 1255 522 1316; x_wconf 82' lang='lat' dir='ltr'><strong>quae</strong></span> <span class='ocrx_word' id='word_1_61' title='bbox 538 1231 739 1316; x_wconf 72' lang='lat' dir='ltr'><strong>praedelassat</strong></span> <span class='ocrx_word' id='word_1_62' title='bbox 753 1253 914 1314; x_wconf 89' lang='lat' dir='ltr'><strong>aquarum.</strong></span> 
     </span>
    </p>

    <p class='ocr_par' dir='ltr' id='par_1_6' title="bbox 62 1337 1115 1739">
     <span class='ocr_line' id='line_1_10' title="bbox 62 1337 897 1421; baseline 0.001 -20"><span class='ocrx_word' id='word_1_63' title='bbox 62 1337 181 1402; x_wconf 85' lang='lat' dir='ltr'><strong>Insilit</strong></span> <span class='ocrx_word' id='word_1_64' title='bbox 200 1338 286 1402; x_wconf 92' lang='lat' dir='ltr'><strong>huc:</strong></span> <span class='ocrx_word' id='word_1_65' title='bbox 311 1340 486 1421; x_wconf 87' lang='lat' dir='ltr'><strong>mirumque</strong></span> <span class='ocrx_word' id='word_1_66' title='bbox 502 1338 561 1402; x_wconf 88' lang='lat' dir='ltr'><strong>fuit</strong></span> <span class='ocrx_word' id='word_1_67' title='bbox 576 1339 732 1421; x_wconf 87' lang='lat' dir='ltr'><strong>potuisse;</strong></span> <span class='ocrx_word' id='word_1_68' title='bbox 757 1337 897 1402; x_wconf 82' lang='lat' dir='ltr'><strong>volabat:</strong></span> 
     </span>
     <span class='ocr_line' id='line_1_11' title="bbox 66 1443 946 1527; baseline 0.001 -21"><span class='ocrx_word' id='word_1_69' title='bbox 66 1443 335 1527; x_wconf 88' lang='lat' dir='ltr'><strong>Percutiensque</strong></span> <span class='ocrx_word' id='word_1_70' title='bbox 351 1444 452 1507; x_wconf 89' lang='lat' dir='ltr'><strong>levem</strong></span> <span class='ocrx_word' id='word_1_71' title='bbox 468 1444 563 1508; x_wconf 79' lang='lat' dir='ltr'><strong>modb</strong></span> <span class='ocrx_word' id='word_1_72' title='bbox 578 1444 661 1508; x_wconf 88' lang='lat' dir='ltr'><strong>natis</strong></span> <span class='ocrx_word' id='word_1_73' title='bbox 676 1448 748 1507; x_wconf 72' lang='lat' dir='ltr'><strong>aira</strong></span> <span class='ocrx_word' id='word_1_74' title='bbox 763 1443 885 1526; x_wconf 86' lang='lat' dir='ltr'><strong>pennis,</strong></span> <span class='ocrx_word' id='word_1_75' title='bbox 943 1448 946 1459; x_wconf 83' lang='grc'><strong>“</strong></span> 
     </span>
     <span class='ocr_line' id='line_1_12' title="bbox 68 1549 1115 1632; baseline 0 -21"><span class='ocrx_word' id='word_1_76' title='bbox 68 1549 274 1632; x_wconf 63' lang='lat' dir='ltr'><strong>stringebat</strong></span> <span class='ocrx_word' id='word_1_77' title='bbox 289 1572 426 1614; x_wconf 87' lang='lat' dir='ltr'><strong>summas</strong></span> <span class='ocrx_word' id='word_1_78' title='bbox 440 1551 504 1614; x_wconf 87' lang='lat' dir='ltr'><strong>ales</strong></span> <span class='ocrx_word' id='word_1_79' title='bbox 519 1550 701 1615; x_wconf 88' lang='lat' dir='ltr'><strong>miserabilis</strong></span> <span class='ocrx_word' id='word_1_80' title='bbox 716 1551 828 1614; x_wconf 85' lang='lat' dir='ltr'><strong>undas.</strong></span> <span class='ocrx_word' id='word_1_81' title='bbox 1048 1551 1115 1613; x_wconf 81' lang='grc'><strong>370</strong></span> 
     </span>
     <span class='ocr_line' id='line_1_13' title="bbox 71 1654 988 1739; baseline 0 -20"><span class='ocrx_word' id='word_1_82' title='bbox 71 1655 237 1739; x_wconf 90' lang='lat' dir='ltr'><strong>Dumque</strong></span> <span class='ocrx_word' id='word_1_83' title='bbox 255 1656 347 1734; x_wconf 88' lang='lat' dir='ltr'><strong>volat,</strong></span> <span class='ocrx_word' id='word_1_84' title='bbox 363 1666 475 1719; x_wconf 85' lang='lat' dir='ltr'><strong>moesto</strong></span> <span class='ocrx_word' id='word_1_85' title='bbox 490 1655 631 1734; x_wconf 85' lang='lat' dir='ltr'><strong>similem,</strong></span> <span class='ocrx_word' id='word_1_86' title='bbox 647 1655 837 1739; x_wconf 89' lang='lat' dir='ltr'><strong>plenumque</strong></span> <span class='ocrx_word' id='word_1_87' title='bbox 852 1654 988 1737; x_wconf 75' lang='lat' dir='ltr'><strong>querelae</strong></span> 
     </span>
    </p>

    <p class='ocr_par' dir='ltr' id='par_1_7' title="bbox 76 1760 854 1845">
     <span class='ocr_line' id='line_1_14' title="bbox 76 1760 854 1845; baseline 0 -21"><span class='ocrx_word' id='word_1_88' title='bbox 76 1761 147 1824; x_wconf 86' lang='lat' dir='ltr'><strong>Ora</strong></span> <span class='ocrx_word' id='word_1_89' title='bbox 164 1762 290 1825; x_wconf 69' lang='lat' dir='ltr'><strong>dedere</strong></span> <span class='ocrx_word' id='word_1_90' title='bbox 306 1783 428 1840; x_wconf 90' lang='lat' dir='ltr'><strong>sonum,</strong></span> <span class='ocrx_word' id='word_1_91' title='bbox 445 1762 530 1825; x_wconf 88' lang='lat' dir='ltr'><strong>tenui</strong></span> <span class='ocrx_word' id='word_1_92' title='bbox 546 1760 732 1845; x_wconf 79' lang='lat' dir='ltr'><strong>crepitantia</strong></span> <span class='ocrx_word' id='word_1_93' title='bbox 746 1772 854 1825; x_wconf 90' lang='lat' dir='ltr'><strong>rostro.</strong></span> 
     </span>
    </p>

    <p class='ocr_par' dir='ltr' id='par_1_8' title="bbox 76 1866 918 1949">
     <span class='ocr_line' id='line_1_15' title="bbox 76 1866 918 1949; baseline -0.001 -20"><span class='ocrx_word' id='word_1_94' title='bbox 76 1866 125 1930; x_wconf 90' lang='lat' dir='ltr'><strong>Ut</strong></span> <span class='ocrx_word' id='word_1_95' title='bbox 143 1867 224 1929; x_wconf 80' lang='lat' dir='ltr'><strong>verb</strong></span> <span class='ocrx_word' id='word_1_96' title='bbox 242 1866 344 1949; x_wconf 86' lang='lat' dir='ltr'><strong>tetigit</strong></span> <span class='ocrx_word' id='word_1_97' title='bbox 358 1878 480 1929; x_wconf 88' lang='lat' dir='ltr'><strong>mutum</strong></span> <span class='ocrx_word' id='word_1_98' title='bbox 495 1878 528 1930; x_wconf 91' lang='lat' dir='ltr'><strong>et</strong></span> <span class='ocrx_word' id='word_1_99' title='bbox 542 1867 610 1929; x_wconf 87' lang='lat' dir='ltr'><strong>sine</strong></span> <span class='ocrx_word' id='word_1_100' title='bbox 626 1866 778 1948; x_wconf 85' lang='lat' dir='ltr'><strong>sanguine</strong></span> <span class='ocrx_word' id='word_1_101' title='bbox 794 1886 918 1948; x_wconf 88' lang='lat' dir='ltr'><strong>corpus,</strong></span> 
     </span>
    </p>

    <p class='ocr_par' dir='ltr' id='par_1_9' title="bbox 80 1969 763 2054">
     <span class='ocr_line' id='line_1_16' title="bbox 80 1969 763 2054; baseline -0.001 -21"><span class='ocrx_word' id='word_1_102' title='bbox 80 1970 232 2035; x_wconf 86' lang='lat' dir='ltr'><strong>Dilectus</strong></span> <span class='ocrx_word' id='word_1_103' title='bbox 247 1982 333 2035; x_wconf 86' lang='lat' dir='ltr'><strong>artus</strong></span> <span class='ocrx_word' id='word_1_104' title='bbox 346 1971 491 2054; x_wconf 83' lang='lat' dir='ltr'><strong>amplexa</strong></span> <span class='ocrx_word' id='word_1_105' title='bbox 505 1971 682 2034; x_wconf 85' lang='lat' dir='ltr'><strong>recentibus</strong></span> <span class='ocrx_word' id='word_1_106' title='bbox 697 1969 763 2049; x_wconf 89' lang='lat' dir='ltr'><strong>alis,</strong></span> 
     </span>
    </p>

    <p class='ocr_par' dir='ltr' id='par_1_10' title="bbox 81 2074 1115 2268">
     <span class='ocr_line' id='line_1_17' title="bbox 81 2074 1115 2161; baseline -0.002 -22"><span class='ocrx_word' id='word_1_107' title='bbox 81 2076 218 2161; x_wconf 87' lang='lat' dir='ltr'><strong>Frigida</strong></span> <span class='ocrx_word' id='word_1_108' title='bbox 234 2077 443 2160; x_wconf 90' lang='lat' dir='ltr'><strong>nequicquam</strong></span> <span class='ocrx_word' id='word_1_109' title='bbox 458 2077 537 2140; x_wconf 90' lang='lat' dir='ltr'><strong>duro</strong></span> <span class='ocrx_word' id='word_1_110' title='bbox 552 2076 640 2139; x_wconf 85' lang='lat' dir='ltr'><strong>dedit</strong></span> <span class='ocrx_word' id='word_1_111' title='bbox 655 2074 762 2139; x_wconf 89' lang='lat' dir='ltr'><strong>oscula</strong></span> <span class='ocrx_word' id='word_1_112' title='bbox 777 2084 885 2141; x_wconf 87' lang='lat' dir='ltr'><strong>rostro.</strong></span> <span class='ocrx_word' id='word_1_113' title='bbox 1049 2077 1115 2139; x_wconf 82' lang='lat'><strong>³75</strong></span> 
     </span>
     <span class='ocr_line' id='line_1_18' title="bbox 85 2181 878 2268; baseline 0.001 -24"><span class='ocrx_word' id='word_1_114' title='bbox 85 2183 235 2247; x_wconf 85' lang='lat' dir='ltr'><strong>Senserit</strong></span> <span class='ocrx_word' id='word_1_115' title='bbox 250 2184 311 2247; x_wconf 90' lang='lat' dir='ltr'><strong>hoc</strong></span> <span class='ocrx_word' id='word_1_116' title='bbox 325 2182 424 2268; x_wconf 68' lang='lat' dir='ltr'><strong>Ceyx,</strong></span> <span class='ocrx_word' id='word_1_117' title='bbox 440 2204 481 2246; x_wconf 87' lang='lat' dir='ltr'><strong>an</strong></span> <span class='ocrx_word' id='word_1_118' title='bbox 497 2182 617 2245; x_wconf 83' lang='lat' dir='ltr'><strong>vultum</strong></span> <span class='ocrx_word' id='word_1_119' title='bbox 631 2181 767 2245; x_wconf 87' lang='lat' dir='ltr'><strong>motibus</strong></span> <span class='ocrx_word' id='word_1_120' title='bbox 784 2181 878 2245; x_wconf 77' lang='lat' dir='ltr'><strong>undae</strong></span> 
     </span>
    </p>

    <p class='ocr_par' dir='ltr' id='par_1_11' title="bbox 84 2286 849 2370">
     <span class='ocr_line' id='line_1_19' title="bbox 84 2286 849 2370; baseline 0.003 -21"><span class='ocrx_word' id='word_1_121' title='bbox 84 2287 216 2351; x_wconf 86' lang='lat' dir='ltr'><strong>Tollere</strong></span> <span class='ocrx_word' id='word_1_122' title='bbox 234 2289 274 2351; x_wconf 88' lang='lat' dir='ltr'><strong>sit</strong></span> <span class='ocrx_word' id='word_1_123' title='bbox 289 2288 381 2365; x_wconf 87' lang='lat' dir='ltr'><strong>visus,</strong></span> <span class='ocrx_word' id='word_1_124' title='bbox 398 2287 532 2370; x_wconf 90' lang='lat' dir='ltr'><strong>populus</strong></span> <span class='ocrx_word' id='word_1_125' title='bbox 546 2286 726 2351; x_wconf 78' lang='lat' dir='ltr'><strong>dubitabat:</strong></span> <span class='ocrx_word' id='word_1_126' title='bbox 750 2286 849 2352; x_wconf 86' lang='lat' dir='ltr'><strong>atille</strong></span> 
     </span>
    </p>

    <p class='ocr_par' dir='ltr' id='par_1_12' title="bbox 88 2392 982 2475">
     <span class='ocr_line' id='line_1_20' title="bbox 88 2392 982 2475; baseline 0.002 -20"><span class='ocrx_word' id='word_1_127' title='bbox 88 2393 253 2457; x_wconf 88' lang='lat' dir='ltr'><strong>Senserat.</strong></span> <span class='ocrx_word' id='word_1_128' title='bbox 301 2393 342 2455; x_wconf 88' lang='lat' dir='ltr'><strong>Et</strong></span> <span class='ocrx_word' id='word_1_129' title='bbox 357 2394 495 2469; x_wconf 86' lang='lat' dir='ltr'><strong>tandem,</strong></span> <span class='ocrx_word' id='word_1_130' title='bbox 511 2393 629 2475; x_wconf 86' lang='lat' dir='ltr'><strong>superis</strong></span> <span class='ocrx_word' id='word_1_131' title='bbox 645 2392 872 2471; x_wconf 85' lang='lat' dir='ltr'><strong>miserantibus,</strong></span> <span class='ocrx_word' id='word_1_132' title='bbox 888 2392 982 2457; x_wconf 80' lang='lat' dir='ltr'><strong>ambo</strong></span> 
     </span>
    </p>

    <p class='ocr_par' dir='ltr' id='par_1_13' title="bbox 90 2495 775 2561">
     <span class='ocr_line' id='line_1_21' title="bbox 90 2495 775 2561; baseline 0.001 -2"><span class='ocrx_word' id='word_1_133' title='bbox 90 2495 174 2560; x_wconf 78' lang='lat' dir='ltr'><strong>Alite</strong></span> <span class='ocrx_word' id='word_1_134' title='bbox 191 2507 362 2561; x_wconf 86' lang='lat' dir='ltr'><strong>mutantur.</strong></span> <span class='ocrx_word' id='word_1_135' title='bbox 408 2497 493 2560; x_wconf 88' lang='lat' dir='ltr'><strong>Fatis</strong></span> <span class='ocrx_word' id='word_1_136' title='bbox 508 2497 660 2561; x_wconf 88' lang='lat' dir='ltr'><strong>obnoxius</strong></span> <span class='ocrx_word' id='word_1_137' title='bbox 675 2496 775 2561; x_wconf 88' lang='lat' dir='ltr'><strong>isdem</strong></span> 
     </span>
    </p>

    <p class='ocr_par' dir='ltr' id='par_1_14' title="bbox 90 2601 1116 2790">
     <span class='ocr_line' id='line_1_22' title="bbox 90 2601 1116 2687; baseline 0.004 -24"><span class='ocrx_word' id='word_1_138' title='bbox 90 2601 186 2667; x_wconf 91' lang='lat' dir='ltr'><strong>Tunc</strong></span> <span class='ocrx_word' id='word_1_139' title='bbox 202 2604 326 2686; x_wconf 82' lang='lat' dir='ltr'><strong>qubque</strong></span> <span class='ocrx_word' id='word_1_140' title='bbox 343 2602 456 2665; x_wconf 89' lang='lat' dir='ltr'><strong>mansit</strong></span> <span class='ocrx_word' id='word_1_141' title='bbox 470 2624 567 2681; x_wconf 88' lang='lat' dir='ltr'><strong>amor,</strong></span> <span class='ocrx_word' id='word_1_142' title='bbox 583 2624 644 2665; x_wconf 89' lang='lat' dir='ltr'><strong>nec</strong></span> <span class='ocrx_word' id='word_1_143' title='bbox 658 2601 833 2687; x_wconf 71' lang='lat' dir='ltr'><strong>coniugiale</strong></span> <span class='ocrx_word' id='word_1_144' title='bbox 850 2601 985 2665; x_wconf 89' lang='lat' dir='ltr'><strong>solutum</strong></span> <span class='ocrx_word' id='word_1_145' title='bbox 1049 2602 1116 2667; x_wconf 81' lang='lat'><strong>380</strong></span> 
     </span>
     <span class='ocr_line' id='line_1_23' title="bbox 91 2705 925 2790; baseline 0.002 -22"><span class='ocrx_word' id='word_1_146' title='bbox 91 2705 211 2770; x_wconf 83' lang='lat' dir='ltr'><strong>Foedus</strong></span> <span class='ocrx_word' id='word_1_147' title='bbox 227 2708 258 2771; x_wconf 93' lang='lat' dir='ltr'><strong>in</strong></span> <span class='ocrx_word' id='word_1_148' title='bbox 274 2707 408 2771; x_wconf 82' lang='lat' dir='ltr'><strong>alitibus.</strong></span> <span class='ocrx_word' id='word_1_149' title='bbox 454 2706 589 2784; x_wconf 70' lang='lat' dir='ltr'><strong>Coeunt,</strong></span> <span class='ocrx_word' id='word_1_150' title='bbox 606 2708 747 2790; x_wconf 87' lang='lat' dir='ltr'><strong>fiuntque</strong></span> <span class='ocrx_word' id='word_1_151' title='bbox 763 2717 925 2789; x_wconf 89' lang='lat' dir='ltr'><strong>parentes:</strong></span> 
     </span>
    </p>

    <p class='ocr_par' dir='ltr' id='par_1_15' title="bbox 93 2809 913 2897">
     <span class='ocr_line' id='line_1_24' title="bbox 93 2809 913 2897; baseline 0.004 -24"><span class='ocrx_word' id='word_1_152' title='bbox 93 2809 216 2894; x_wconf 88' lang='lat' dir='ltr'><strong>Perque</strong></span> <span class='ocrx_word' id='word_1_153' title='bbox 232 2813 299 2876; x_wconf 91' lang='lat' dir='ltr'><strong>dies</strong></span> <span class='ocrx_word' id='word_1_154' title='bbox 314 2814 464 2896; x_wconf 86' lang='lat' dir='ltr'><strong>placidos,</strong></span> <span class='ocrx_word' id='word_1_155' title='bbox 480 2812 610 2876; x_wconf 88' lang='lat' dir='ltr'><strong>hiberno</strong></span> <span class='ocrx_word' id='word_1_156' title='bbox 625 2823 776 2896; x_wconf 88' lang='lat' dir='ltr'><strong>tempore,</strong></span> <span class='ocrx_word' id='word_1_157' title='bbox 793 2823 913 2897; x_wconf 88' lang='lat' dir='ltr'><strong>septem</strong></span> 
     </span>
    </p>
   </div>
   <div class='ocr_carea' id='block_1_3' title="bbox 96 2915 1175 3227">
    <p class='ocr_par' dir='ltr' id='par_1_16' title="bbox 96 2915 1175 3227">
     <span class='ocr_line' id='line_1_25' title="bbox 96 2915 881 3003; baseline 0.009 -25"><span class='ocrx_word' id='word_1_158' title='bbox 96 2915 229 2981; x_wconf 82' lang='lat' dir='ltr'><strong>Incubet</strong></span> <span class='ocrx_word' id='word_1_159' title='bbox 244 2918 406 3002; x_wconf 89' lang='lat' dir='ltr'><strong>Halcyone</strong></span> <span class='ocrx_word' id='word_1_160' title='bbox 422 2919 631 3001; x_wconf 89' lang='lat' dir='ltr'><strong>pendentibus</strong></span> <span class='ocrx_word' id='word_1_161' title='bbox 648 2940 772 3003; x_wconf 82' lang='lat' dir='ltr'><strong>aequore</strong></span> <span class='ocrx_word' id='word_1_162' title='bbox 788 2918 881 2985; x_wconf 86' lang='lat' dir='ltr'><strong>nidis.</strong></span> 
     </span>
     <span class='ocr_line' id='line_1_26' title="bbox 96 3019 895 3103; baseline 0.008 -21"><span class='ocrx_word' id='word_1_163' title='bbox 96 3019 180 3084; x_wconf 90' lang='lat' dir='ltr'><strong>Tum</strong></span> <span class='ocrx_word' id='word_1_164' title='bbox 196 3023 245 3087; x_wconf 86' lang='lat' dir='ltr'><strong>via</strong></span> <span class='ocrx_word' id='word_1_165' title='bbox 260 3034 328 3086; x_wconf 88' lang='lat' dir='ltr'><strong>tuta</strong></span> <span class='ocrx_word' id='word_1_166' title='bbox 341 3024 450 3088; x_wconf 87' lang='lat' dir='ltr'><strong>maris:</strong></span> <span class='ocrx_word' id='word_1_167' title='bbox 475 3036 585 3088; x_wconf 88' lang='lat' dir='ltr'><strong>ventos</strong></span> <span class='ocrx_word' id='word_1_168' title='bbox 600 3025 746 3103; x_wconf 86' lang='lat' dir='ltr'><strong>custodit,</strong></span> <span class='ocrx_word' id='word_1_169' title='bbox 762 3035 794 3088; x_wconf 91' lang='lat' dir='ltr'><strong>et</strong></span> <span class='ocrx_word' id='word_1_170' title='bbox 808 3034 895 3088; x_wconf 89' lang='lat' dir='ltr'><strong>arcet</strong></span> 
     </span>
     <span class='ocr_line' id='line_1_27' title="bbox 100 3122 1175 3227; baseline 0.003 -38"><span class='ocrx_word' id='word_1_171' title='bbox 100 3122 206 3191; x_wconf 83' lang='lat' dir='ltr'><strong>AEolus</strong></span> <span class='ocrx_word' id='word_1_172' title='bbox 220 3149 356 3211; x_wconf 87' lang='lat' dir='ltr'><strong>egressu,</strong></span> <span class='ocrx_word' id='word_1_173' title='bbox 372 3138 559 3213; x_wconf 87' lang='lat' dir='ltr'><strong>praestatque</strong></span> <span class='ocrx_word' id='word_1_174' title='bbox 575 3128 742 3212; x_wconf 88' lang='lat' dir='ltr'><strong>nepotibus</strong></span> <span class='ocrx_word' id='word_1_175' title='bbox 757 3149 875 3210; x_wconf 87' lang='lat' dir='ltr'><strong>aequor.</strong></span> <span class='ocrx_word' id='word_1_176' title='bbox 1035 3130 1116 3193; x_wconf 84' lang='grc'>,385</span> <span class='ocrx_word' id='word_1_177' title='bbox 1171 3220 1175 3227; x_wconf 59' lang='lat'><strong>,.</strong></span> 
     </span>
    </p>
   </div>
   <div class='ocr_carea' id='block_1_4' title="bbox 0 0 1332 4209">
    <p class='ocr_par' dir='ltr' id='par_1_17' title="bbox 0 0 1332 4209">
     <span class='ocr_line' id='line_1_28' title="bbox 0 0 1332 4209; baseline 0 0"><span class='ocrx_word' id='word_1_178' title='bbox 0 0 1332 4209; x_wconf 95' lang='lat' dir='ltr'><strong> </strong></span> 
     </span>
    </p>
   </div>
  </div>
 </body>
</html>
