2567 4209
149 304 211 368 154
422 301 543 351 OVID'S
563 301 894 353 manonrnosas.

145 470 506 556 Munereregnscapit:
530 471 678 555 festisque
693 471 840 537 Palilibus
855 472 940 537 urbis
1117 476 1180 535 125

145 574 267 640 Moenia
281 578 468 641 conduntur.
514 577 686 661 Tatiusque
702 589 866 661 patresque
882 576 997 641 Sabini

145 680 233 745 Bella
246 691 377 765 gerunt:
400 682 541 765 arcisque
556 682 608 745 via
621 682 758 764 Tarpeia
772 682 892 745 reclusis

145 784 251 868 Digni
264 786 400 851 animam
415 788 510 869 poenri
524 787 680 869 congestis
694 787 781 850 exuit
795 786 897 849 armis.

145 890 224 955 Inde
238 892 297 955 sati
312 891 455 969 Curibus,
471 892 635 955 tacitorum
649 913 735 955 more
751 892 903 973 lnporum,

145 996 210 1060 Ore
225 1008 370 1078 premunt
385 1017 488 1074 voces,
503 1006 537 1061 et
550 1017 680 1079 corpora
695 997 777 1061 victa
791 1017 900 1079 sopore
1118 1002 1183 1063 130

144 1101 312 1179 invadunt,
328 1112 493 1185 portasque
508 1110 630 1183 petunt,
647 1122 724 1183 quas
738 1101 838 1187 objice
854 1101 945 1165 firmis

143 1205 307 1271 Clauserat
321 1206 443 1271 Iliades.
489 1206 595 1270 Unam
609 1216 715 1271 tamen
731 1207 799 1287 ipsa
813 1206 954 1283 recludit,

146 1312 217 1376 Nec
232 1312 394 1395 strepitum
409 1332 498 1375 verso
514 1311 661 1375 Saturnia
675 1311 801 1375 cardine
817 1310 901 1374 fecit.

146 1417 223 1481 Sola
236 1417 344 1481 Venus
360 1427 457 1499 portae
472 1416 622 1479 cecidisse
635 1416 785 1499 repagula
800 1415 904 1493 sensit,

146 1522 187 1585 Et
202 1521 344 1586 clausura
359 1521 436 1598 fuit3
460 1521 518 1583 nisi
534 1520 618 1603 qudd
634 1520 809 1584 rescindere
825 1540 988 1602 nunquam
1114 1525 1178 1587 135

145 1624 204 1689 Dis
218 1626 290 1690 licet
303 1637 374 1690 acts
389 1626 494 1689 derim.
540 1625 621 1689 Jano
636 1626 706 1689 loca
716 1626 827 1710 juncta
841 1624 994 1689 tenebant

146 1731 267 1796 Naides
281 1731 442 1809 Ausoniae,
457 1732 562 1815 gelido
577 1732 712 1795 rorantia
727 1732 830 1795 sonte:

146 1835 214 1900 Has
229 1848 317 1921 rogat
330 1836 490 1901 auxilium.
537 1837 607 1901 Nec
622 1837 769 1920 nymphae
781 1837 865 1923 justa
879 1845 1046 1917 petentem

146 1942 331 2008 Sustinuere
346 1945 448 2021 dearn,
465 1963 620 2025 venasque
635 1953 669 2005 et
684 1942 811 2005 flumina
826 1940 920 2003 fontis

146 2047 290 2113 Eliouere
306 2050 364 2113 sui.
410 2048 561 2113 Nondum
576 2059 681 2111 tamen
698 2046 780 2111 invia
794 2043 865 2110 Jani
1115 2052 1177 2112 140

145 2153 212 2217 Ora
226 2154 361 2237 patentis
376 2165 476 2233 erant,
491 2174 593 2236 neque
608 2152 666 2216 iter
682 2151 878 2234 praecluserat
893 2151 991 2215 unda.

145 2257 264 2321 Lurida
279 2269 459 2341 supponunt
475 2258 624 2322 loecundo
637 2256 755 2321 sulfura
770 2256 859 2334 sonti,

146 2362 385 2445 incenduntque
400 2383 492 2427 cavas
507 2362 648 2427 fumante
663 2362 814 2425 bitumine
829 2381 935 2423 venas.

146 2466 271 2531 Viribus
286 2466 332 2529 his
347 2466 475 2550 aliisque
491 2487 587 2551 vapor
601 2467 775 2550 penetravit
789 2468 830 2530 ad
845 2466 908 2529 ima

146 2572 272 2638 Fontis:
297 2583 330 2637 et
345 2572 462 2657 Alpino
476 2573 570 2637 modb
585 2594 656 2656 quae
672 2583 790 2636 certare
805 2571 897 2655 rigori
1113 2578 1174 2638 145

148 2679 321 2743 Audebatis
336 2700 437 2762 aquae,
453 2700 517 2743 non
532 2678 641 2742 ceditis
657 2677 779 2761 ignibus
794 2676 877 2759 ipsis.

147 2784 347 2848 Flammifera
359 2784 476 2866 gemini
491 2785 612 2847 fumant
626 2783 811 2866 adspergine
827 2792 949 2865 postes:

147 2887 312 2970 Portaque,
329 2887 536 2970 nequicquam
552 2888 657 2970 rigidis
673 2887 821 2971 permissa
838 2886 971 2965 Sabinis,

147 2994 248 3058 Fonte
264 2991 323 3056 luit
337 3002 518 3075 praestructa
533 3014 625 3071 novo,
642 2993 718 3056 dum
734 2992 866 3057 Martius
880 3012 966 3055 anna

147 3101 298 3166 Induerat
313 3097 411 3163 miles.
458 3097 542 3167 Quae
558 3108 722 3181 postquam
738 3097 891 3162 Romulus
907 3096 987 3160 ultro
1110 3104 1172 3165 150

147 3206 281 3283 Obtulit,
296 3214 329 3268 et
344 3214 439 3269 strata
453 3214 501 3267 cst
516 3204 607 3267 tellus
622 3202 768 3265 Romana
784 3202 907 3265 Sabinis

146 3309 345 3393 Corporibus,
362 3319 457 3372 strata
472 3318 581 3390 estque
596 3307 669 3384 suis,
685 3307 854 3389 generique
866 3326 1008 3369 cruorem

149 3413 311 3495 Sanguine
327 3432 399 3475 cum
414 3411 512 3475 soceri
528 3412 708 3493 permiscuit
723 3411 835 3493 impius
850 3410 952 3488 ensis;

148 3519 230 3580 Pace
246 3526 351 3576 tamen
367 3514 431 3574 sisti
446 3512 573 3588 bellum,
590 3534 650 3575 nec
664 3514 696 3575 in
712 3514 821 3577 ultima
836 3514 917 3577 ferro
954 3593 956 3600 Ι
1269 3480 1270 3575 l

148 3616 316 3679 Decertare
331 3613 444 3694 placet,
460 3613 650 3693 Tatiumque
665 3616 815 3679 accedam
830 3636 938 3698 regno.
1109 3626 1169 3686 155

192 3715 360 3781 Occiderat
375 3714 496 3790 Tatius,
512 3714 694 3796 populisque
711 3727 835 3797 aequsta
850 3718 983 3797 duobus,
