2567 4209
546 242 678 306 soor
696 242 718 292 1·
1119 246 1159 307 13

140 412 241 477 Foeda
256 412 425 507 Lyoeoniae
440 411 577 478 referens
593 410 737 477 convivia
750 430 880 487 mense,
1097 411 1160 478 165

141 516 290 601 Ingentes
304 518 409 581 animo
424 526 456 581 et
471 517 581 601 dignas
597 514 676 579 Jove
692 514 829 601 eoncipit
844 515 914 595 iras,

140 621 375 705 Consiliumque
391 630 492 687 vocat.
512 676 515 681 ,
538 620 657 683 Tenuit
670 640 759 684 mora
772 618 860 682 nulla
874 627 1002 686 sodates

187 725 244 789 Est
258 726 309 790 via
323 726 471 804 sublimis,
487 726 568 789 coelo
582 724 750 789 manifesta
763 744 884 801 sereno,

141 830 261 896 Lactea
275 852 394 897 nomeu
406 830 518 909 habet5
529 884 531 887 .
541 830 678 895 candore
692 827 838 898 nombilis
852 828 933 910 ipso.
943 889 957 905 s

141 934 214 1001 Hae
228 936 286 999 iter
300 945 348 999 est
363 935 480 1018 superis
496 935 537 1013 ad
551 934 662 1019 magni
674 943 758 997 tecta
774 933 939 1029 Tonantis,
1020 1002 1024 1006 ,
1098 936 1162 999 lto

143 1040 358 1123 Regalemque,
372 1041 511 1125 domurn
557 1038 676 1103 Dextra
689 1037 829 1121 laevtqrre
845 1039 976 1103 deorum
1036 1093 1042 1099 .
1090 1091 1105 1097 ..

143 1144 234 1207 Atria
248 1144 399 1209 nobilium
414 1144 510 1207 valvis
525 1142 722 1223 celebrantur
736 1142 862 1225 apertis.

143 1248 236 1313 Plebs
250 1248 392 1313 habitant
407 1249 530 1314 diversa
543 1248 631 1311 locis.
677 1247 708 1310 A
723 1247 826 1327 fronte
840 1256 986 1329 potentes

143 1348 302 1437 Coelieolae
319 1349 455 1432 clarique
471 1370 543 1411 suos
559 1348 691 1431 posuere
705 1356 846 1431 penates.

143 1452 207 1517 Hie
222 1454 309 1517 locus
324 1463 382 1531 est,
398 1474 501 1536 quem,
517 1453 544 1517 si
559 1452 660 1517 verbis
674 1453 807 1516 audacia
821 1452 923 1532 detur,
1099 1455 1163 1519 1¹15
1205 1468 1208 1471 ’

97 1624 102 1635 Χ
142 1557 240 1622 Haud
256 1558 383 1622 timeam
398 1558 503 1641 magni
518 1558 632 1621 dixisse
648 1556 768 1621 Palatia
782 1557 864 1621 coeli.
975 1627 979 1634 ⁴

189 1662 273 1747 Ergo
288 1662 342 1727 ubi
356 1682 529 1727 marmoreo
545 1662 650 1745 superi
665 1664 774 1728 seddre
789 1684 925 1741 recessu,

142 1766 262 1831 Celsior
277 1768 342 1851 ipse
357 1767 438 1845 loco,
455 1778 638 1849 sceptroque
655 1766 783 1831 innixus
799 1765 929 1846 eburno,
1012 1810 1016 1817 ι

144 1872 326 1938 Terrifioam
341 1872 451 1954 capitis
466 1872 625 1936 concussit
639 1881 748 1952 terque
763 1881 935 1953 quaterque

144 1977 323 2055 Caesariem,
339 1962 412 2040 cum
428 1977 491 2059 qut
505 1985 628 2051 terram,
644 1995 741 2054 mare,
757 1975 868 2053 sidem,
884 1975 992 2041 movit
1100 1979 1164 2046 18⁰

144 2082 276 2156 Talibus
291 2081 365 2145 inde
380 2081 481 2145 modis
497 2101 551 2143 ore
566 2079 762 2163 indignantia
777 2078 886 2143 solvit:

146 2186 240 2251 ‘Non
255 2208 316 2270 ego
330 2185 511 2269 promendi
528 2204 626 2267 regno
640 2183 738 2267 magis
753 2184 864 2248 anxius
878 2184 931 2251 ills

146 2292 348 2374 Tempestate
364 2290 419 2368 fui,
436 2291 640 2372 quincentum
656 2289 787 2374 quisque
802 2290 953 2372 parabant

146 2396 278 2482 Injioere
293 2396 508 2481 anguipedum
523 2395 648 2477 captivo
661 2394 790 2458 brachia
804 2394 895 2459 eoelo.

147 2502 242 2578 Nam,
257 2521 434 2584 quanquam
450 2500 532 2563 ferus
547 2501 643 2563 hostis
658 2510 734 2576 erat,
750 2509 856 2563 tamen
871 2500 948 2564 illud
962 2500 1004 2565 ab
1019 2522 1084 2566 uno
1101 2504 1163 2568 185

146 2607 285 2689 Corpore
300 2616 386 2669 etex
402 2604 466 2669 und
479 2604 639 2687 pendebat
653 2604 771 2687 origine
786 2604 913 2668 bellum.

148 2711 180 2775 N
182 2732 245 2775 uno
259 2711 344 2789 mihi,
359 2712 423 2793 qua
436 2720 536 2772 totum
552 2708 676 2773 Nereus
691 2709 897 2773 circumtonat
912 2710 1030 2791 orbem,

147 2816 348 2881 Perdendum
362 2814 491 2879 mortale
506 2836 616 2898 genus.
662 2813 722 2878 Per
737 2814 867 2880 flumina
877 2816 949 2901 J'uro
1021 2878 1025 2886 .

147 2920 262 2999 Insere,
277 2920 336 2983 sub
350 2931 445 2985 terras
463 2920 574 3003 Stygio
589 2918 727 2985 labentia
740 2920 824 2999 luco,

62 3108 65 3115 ,
147 3024 272 3089 Cuncta
286 3025 367 3108 priirs
382 3034 522 3101 tentata3
546 3025 602 3088 sed
617 3024 972 3103 immedioabilerulnns
1101 3031 1164 3101 190

149 3130 233 3193 Ense
248 3129 461 3206 recidendum,
479 3148 520 3191 ne
536 3148 607 3209 pars
622 3128 744 3190 sincera
758 3128 906 3193 trahatur.

149 3236 233 3298 Sunt
247 3233 322 3297 mihi
338 3226 576 3313 Semidei,‘sunt
591 3230 707 3295 rustica
719 3232 860 3313 numina,
876 3234 1045 3322 Nymphae,

66 3360 69 3365 ·
148 3338 321 3420 Faunique,
339 3339 514 3421 Satyrique,
530 3347 563 3401 et
577 3337 755 3402 monticolae
772 3338 907 3406 Silvani:

149 3444 241 3513 Quos
256 3443 403 3525 quoniam
419 3443 490 3507 ooeli
506 3443 649 3507 nondum
663 3443 828 3525 dignamur
843 3444 972 3527 horrore,

150 3549 241 3617 Quas
255 3548 410 3626 dedimus,
426 3548 510 3612 certe
526 3558 622 3611 terras
637 3548 777 3613 habitare
793 3549 941 3614 sinamus.
1101 3555 1165 3621 195

150 3654 202 3718 An
218 3651 302 3734 satis,
319 3674 339 3716 o
353 3654 466 3739 superi,
484 3662 568 3720 tutor
583 3653 652 3717 lore
666 3653 792 3717 creditis
806 3652 885 3731 illos,

418 3762 440 3821 2
