2567 4209
151 307 214 373 114
422 298 542 351 ottu's
562 295 894 349 Mersuosrflosns.

146 468 328 535 Humanam
343 469 471 533 stolidas
486 469 600 553 patitur
614 468 747 531 retinere
763 466 906 549 figuram,

147 576 215 643 Sed
230 574 323 639 trahit
338 574 371 639 in
385 574 531 657 spatium,
547 573 687 656 villisque
701 572 877 637 albentibus
892 568 1017 654 implet,

147 677 370 761 Instabilesque
386 677 450 741 imo
464 675 549 754 facit,
564 688 597 739 et
611 676 666 739 dat
681 695 772 757 posse
787 673 915 737 moveri.

146 783 259 847 Cetera
274 792 348 847 sunt
363 782 512 847 bominis:
538 791 657 865 partem
673 781 839 843 damnetur
854 779 886 843 in
903 798 1014 856 mam,
1141 782 1186 844 9โฐ

146 887 351 971 Induiturque
365 908 456 953 aures
471 887 554 951 lente
569 885 739 969 gradientis
754 884 850 947 aselli.

190 991 248 1055 llle
263 993 390 1075 quidem
404 992 496 1070 celat,
511 991 655 1074 turpique
671 999 799 1053 onerata
814 990 935 1072 pudore

146 1096 305 1181 Tempora
319 1097 481 1180 purpureis
496 1106 596 1161 tentat
611 1096 713 1159 velare
729 1095 824 1159 tiaris.

147 1203 223 1280 Sed,
239 1202 346 1266 solitus
361 1202 471 1286 longos
485 1202 566 1266 ferro
581 1222 720 1265 resecare
736 1200 874 1282 capillos,

146 1306 275 1372 Viderat
291 1308 352 1375 hoc
366 1308 510 1373 famulus.
556 1307 624 1377 Qui
638 1308 710 1370 crim
726 1326 786 1369 nec
802 1307 932 1397 prodere
948 1304 1057 1371 visum
1139 1309 1184 1371 95

145 1412 294 1477 Dedecus
308 1416 448 1493 auderet,
463 1414 593 1497 cupiens
608 1411 718 1475 efferre
734 1412 792 1475 sub
806 1432 907 1488 auras,

146 1518 218 1583 Nec
232 1528 337 1601 posset
352 1520 480 1583 reticere
496 1528 612 1595 tamen,
627 1517 757 1595 secedit,
774 1516 967 1599 humumque

146 1621 275 1699 Effodit,
290 1632 333 1699 et,
348 1622 469 1689 domini
483 1622 591 1704 quales
605 1622 783 1705 adspexerit
797 1643 899 1698 aures,

145 1725 233 1789 Voce
248 1725 343 1789 refert
357 1726 462 1808 parvi,
478 1737 630 1809 terraeque
646 1728 860 1791 immurmurat
875 1727 1007 1791 haustae.

145 1830 363 1914 Indiciumque
379 1853 444 1896 sues
460 1831 545 1897 vocis
560 1832 670 1897 tellure
685 1833 809 1915 regestis
1110 1838 1179 1899 100

145 1936 269 2015 Obruit,
284 1949 317 2001 et
331 1937 492 2001 scrobibus
506 1938 619 2003 tacitus
634 1938 768 2001 discedit
783 1936 908 2021 opertis

145 2041 262 2119 Creber
276 2044 480 2109 arundinibus
495 2042 633 2107 tremulis
648 2042 690 2105 ibi
707 2063 832 2125 surgere
848 2042 937 2107 lucus

144 2146 267 2230 Coepit:
292 2158 335 2226 et,
350 2158 386 2211 ut
400 2149 532 2230 primum
548 2148 641 2230 pleno
656 2147 805 2211 maturuit
819 2169 914 2224 anno,
1268 2178 1270 2267 q

144 2249 286 2315 Prodidit
300 2251 477 2335 agricolam.
523 2253 604 2317 Leni
618 2274 693 2315 nam
707 2262 811 2315 motus
825 2252 865 2316 ab
881 2252 1000 2317 Austro
1268 2276 1269 2279 ยน

144 2354 267 2418 Obruta
282 2356 375 2421 verba
390 2355 493 2435 refert,
509 2357 690 2441 dominique
705 2357 846 2441 coarguit
860 2378 961 2421 aures.
1109 2364 1174 2425 105
1266 2280 1269 2441 l

420 2624 488 2666 ran
512 2624 706 2666 snrswancr
730 2624 769 2666 or
794 2604 888 2667 onix.

589 2780 618 2822 v.
640 2762 716 2823 410.

143 2892 267 2957 Interea
283 2893 444 2977 fratrisque
459 2896 517 2974 sni,
533 2896 721 2981 fratremque
737 2898 852 2963 secutis
1265 2888 1266 2964 l

143 2997 248 3063 Anxia
262 2999 409 3083 prodigiis
424 3000 564 3065 turbatus
579 3014 707 3084 pectora
723 3004 821 3086 Ceyx,

142 3102 293 3169 consulat
310 3116 343 3168 ut
357 3128 470 3185 sacras,
486 3106 648 3172 hominum
664 3108 881 3186 oblectamina,
898 3117 1006 3186 sortes,

142 3209 195 3272 Ad
211 3209 347 3275 Clarium
363 3225 451 3294 parat
467 3214 510 3277 ire
526 3213 639 3277 deum:
664 3234 737 3276 nam
754 3213 869 3295 templa
884 3213 1034 3296 profanus

141 3310 231 3375 Invia
245 3335 317 3377 cum
334 3316 479 3399 Phlegyis
494 3318 652 3382 faciebant
666 3316 821 3399 Delphica
836 3318 983 3382 Phorbas.
1104 3326 1165 3385 110

186 3416 341 3481 Portubus
356 3420 505 3498 exierant,
520 3433 554 3484 et
569 3434 709 3485 moverat
724 3444 799 3485 aura
814 3425 970 3487 rudentes.

141 3518 285 3582 Obvertit
300 3520 388 3583 lateri
403 3524 578 3602 pendentes
593 3525 699 3587 navita
714 3546 825 3601 remos,

140 3619 329 3701 Cornuaque
345 3623 378 3685 iu
393 3626 515 3687 summis
529 3626 612 3687 locet
626 3625 746 3704 arbore,
765 3639 889 3709 totaque
905 3629 989 3695 malo

140 3720 278 3785 Carbasa
292 3723 431 3802 deducit,
446 3727 669 3809 veniemesque
685 3729 800 3810 excipit
814 3751 915 3795 auras.
