2567 4209
163 310 226 374 178
481 305 598 357 ovlo’s
621 304 812 356 HEROIDES.

160 474 202 539 Et
216 475 346 541 nimidm
361 475 475 541 similes
490 476 545 543 tibi
561 485 654 555 sunt3
679 486 713 539 et
726 474 861 558 imagine
877 485 1007 559 langon

205 581 256 660 Et,
272 582 393 665 quoties
407 581 510 659 video,
526 580 646 643 lumina
662 591 767 643 nostra
781 580 920 643 madent.

159 685 219 751 Per
234 707 361 769 superos
376 707 441 763 oro,
456 706 513 769 per
527 685 618 749 avite
634 684 753 748 lumina
767 685 913 762 flammae,

203 789 263 853 Per
277 789 433 868 meritum,
449 802 481 853 et
497 798 597 866 natos,
613 789 745 873 pignora
761 799 876 865 nostra,
891 790 983 865 duos,
1125 792 1186 854 190

158 894 272 958 Redde
289 904 399 972 torum,
416 915 472 978 pro
487 915 549 977 quo
565 904 611 957 tot
627 914 676 957 res
691 894 802 957 insana
817 892 935 975 reliqui.

203 998 297 1063 Adde
313 999 408 1063 fidem
424 999 525 1077 dictis,
540 998 752 1081 auxiliumque
768 997 859 1062 refer.

160 1104 235 1168 Non
250 1126 310 1188 ego
325 1115 356 1168 te
372 1103 503 1188 imploro
517 1113 626 1169 eontra
641 1114 807 1186 taurosque
823 1104 986 1187 virosque;

202 1209 307 1293 thue
324 1210 377 1274 tufi
393 1230 519 1294 serpens
535 1210 616 1273 victa
632 1209 772 1292 quiescat
787 1230 859 1291 ope.

158 1315 207 1379 Te
223 1326 307 1399 peto,
323 1338 416 1399 quem
432 1316 541 1394 merui,
556 1336 650 1397 quem
666 1314 756 1378 nobis
771 1315 837 1398 ipse
853 1314 986 1393 dedisti3
1121 1318 1184 1380 195

202 1420 283 1485 Cum
299 1442 361 1503 quo
377 1442 444 1484 sum
461 1421 574 1504 pariter
589 1419 673 1484 facte
688 1430 817 1503 parente
833 1439 955 1502 parens.

157 1524 224 1591 Dos
240 1525 357 1605 ubisit,
373 1527 507 1608 quaeris?
531 1546 643 1609 campo
658 1525 890 1589 numeravimus
905 1524 968 1603 illo,

202 1630 268 1699 Qui
284 1631 339 1713 tibi
353 1630 454 1694 laturo
469 1630 566 1694 vellus
581 1631 717 1695 arandus
732 1641 808 1694 erat.

157 1735 280 1800 Aureus
295 1734 346 1799 ille
360 1735 440 1805 aries
455 1736 528 1800 villo
543 1737 720 1820 spectabilis
735 1757 832 1800 aureo

100 1896 105 1905 .
201 1841 267 1905 Dos
282 1862 371 1920 mea3
395 1864 499 1925 quam,
516 1842 618 1906 dicam
634 1842 660 1905 si
675 1842 741 1920 tibi,
759 1842 896 1920 ‘redde,’
914 1862 1023 1931 neges.
1119 1847 1183 1909 200

157 1946 223 2012 Dos
238 1969 309 2012 mea
324 1956 358 2011 tu
374 1968 499 2031 sospes3
523 1948 579 2011 dos
594 1958 642 2010 est
657 1968 729 2010 mea
744 1947 840 2011 Graia
850 1948 1010 2033 juventus.

201 2052 216 2116 I
232 2074 327 2132 nunc,
344 2053 515 2137 Sisyphiasr,
531 2052 682 2135 improbe,
698 2052 806 2116 confer
822 2074 907 2135 opes·

158 2158 256 2229 Quid
271 2159 367 2237 vivis3
391 2158 474 2242 quiid
491 2158 586 2223 habes
601 2168 743 2240 nuptam,
759 2179 961 2240 soeerumque
977 2168 1163 2242 potentem3
1274 2183 1275 2250 ζ

200 2262 274 2327 Ηοο
288 2264 401 2347 ipsum,
417 2264 554 2346 ingratus
570 2263 655 2345 qudd
671 2273 762 2345 potes
778 2284 856 2341 esse,
873 2285 977 2327 meum
994 2274 1055 2327 est.

85 2412 89 2417 -
157 2367 249 2438 Quos
260 2368 405 2449 equidem
417 2369 678 2434 actutum-sed
689 2368 765 2451 quid
777 2369 945 2450 praedieere
958 2390 1090 2452 poenam
1118 2374 1181 2433 205

200 2472 346 2539 Attinet?
369 2472 512 2555 ingentes
528 2474 659 2557 parturit
672 2474 718 2537 ira
732 2474 843 2537 mines.

157 2578 233 2649 Qud
249 2578 328 2642 seret
342 2578 396 2657 ire,
413 2599 532 2663 sequar.
579 2578 667 2642 Facti
683 2578 811 2643 sortasse
826 2577 954 2662 pigebit.

201 2685 243 2748 Et
258 2684 343 2768 piget
357 2684 455 2749 infido
471 2683 664 2747 consuluisse
679 2684 755 2747 viro.

156 2787 278 2851 Viderit
292 2788 350 2853 ista
365 2788 454 2865 deus,
469 2788 523 2871 qui
537 2810 623 2852 nune
638 2810 709 2853 mea
723 2799 850 2871 pectora
865 2801 985 2854 versat:

201 2892 317 2957 Nescio
332 2892 407 2977 quid
422 2894 506 2959 certe
520 2914 609 2957 mens
625 2915 696 2959 mea
710 2896 810 2980 majus
825 2895 899 2977 agir
1115 2900 1180 2963 210
1274 2879 1275 2882 Ἴ
