<?xml version="1.0" encoding="UTF-8"?>
<!DOCTYPE html PUBLIC "-//W3C//DTD XHTML 1.0 Transitional//EN"
    "http://www.w3.org/TR/xhtml1/DTD/xhtml1-transitional.dtd">
<html xmlns="http://www.w3.org/1999/xhtml" xml:lang="en" lang="en">
 <head>
  <title>
</title>
<meta http-equiv="Content-Type" content="text/html;charset=utf-8" />
  <meta name='ocr-system' content='tesseract 3.04.00' />
  <meta name='ocr-capabilities' content='ocr_page ocr_carea ocr_par ocr_line ocrx_word'/>
</head>
<body>
  <div class='ocr_page' id='page_1' title='image "./selectionsfromm00andrgoog_0085.png"; bbox 0 0 2567 4209; ppageno 0'>
   <div class='ocr_carea' id='block_1_1' title="bbox 541 313 692 363">
    <p class='ocr_par' dir='ltr' id='par_1_1' title="bbox 541 313 692 363">
     <span class='ocr_line' id='line_1_1' title="bbox 541 313 692 363; baseline -0.007 0"><span class='ocrx_word' id='word_1_1' title='bbox 541 313 637 363; x_wconf 87' lang='lat' dir='ltr'>BOOK</span> <span class='ocrx_word' id='word_1_2' title='bbox 661 315 692 363; x_wconf 90' lang='lat' dir='ltr'><strong>V.</strong></span> 
     </span>
    </p>
   </div>
   <div class='ocr_carea' id='block_1_2' title="bbox 20 481 1141 3709">
    <p class='ocr_par' dir='ltr' id='par_1_2' title="bbox 86 481 907 568">
     <span class='ocr_line' id='line_1_2' title="bbox 86 481 907 568; baseline 0.004 -24"><span class='ocrx_word' id='word_1_3' title='bbox 86 481 200 547; x_wconf 85' lang='lat' dir='ltr'><strong>Pulsa</strong></span> <span class='ocrx_word' id='word_1_4' title='bbox 216 484 302 566; x_wconf 85' lang='lat' dir='ltr'><strong>gravi</strong></span> <span class='ocrx_word' id='word_1_5' title='bbox 317 485 418 568; x_wconf 85' lang='lat' dir='ltr'><strong>gravis</strong></span> <span class='ocrx_word' id='word_1_6' title='bbox 435 496 483 549; x_wconf 90' lang='lat' dir='ltr'><strong>est</strong></span> <span class='ocrx_word' id='word_1_7' title='bbox 497 486 644 563; x_wconf 89' lang='lat' dir='ltr'><strong>amentia,</strong></span> <span class='ocrx_word' id='word_1_8' title='bbox 661 485 801 549; x_wconf 88' lang='lat' dir='ltr'><strong>curribus</strong></span> <span class='ocrx_word' id='word_1_9' title='bbox 815 504 907 547; x_wconf 88' lang='lat' dir='ltr'><strong>auras</strong></span> 
     </span>
    </p>

    <p class='ocr_par' dir='ltr' id='par_1_3' title="bbox 90 586 778 655">
     <span class='ocr_line' id='line_1_3' title="bbox 90 586 778 655; baseline 0.007 -7"><span class='ocrx_word' id='word_1_10' title='bbox 90 586 179 650; x_wconf 85' lang='lat' dir='ltr'><strong>Exit</strong></span> <span class='ocrx_word' id='word_1_11' title='bbox 194 589 227 651; x_wconf 92' lang='lat' dir='ltr'><strong>in</strong></span> <span class='ocrx_word' id='word_1_12' title='bbox 243 589 403 655; x_wconf 71' lang='lat' dir='ltr'><strong>aetherias:</strong></span> <span class='ocrx_word' id='word_1_13' title='bbox 427 591 470 654; x_wconf 90' lang='lat' dir='ltr'><strong>ibi</strong></span> <span class='ocrx_word' id='word_1_14' title='bbox 486 601 553 655; x_wconf 89' lang='lat' dir='ltr'><strong>toto</strong></span> <span class='ocrx_word' id='word_1_15' title='bbox 570 590 675 655; x_wconf 89' lang='lat' dir='ltr'><strong>nubila</strong></span> <span class='ocrx_word' id='word_1_16' title='bbox 690 591 778 653; x_wconf 88' lang='lat' dir='ltr'><strong>vultu</strong></span> 
     </span>
    </p>

    <p class='ocr_par' dir='ltr' id='par_1_4' title="bbox 91 691 1141 779">
     <span class='ocr_line' id='line_1_4' title="bbox 91 691 1141 779; baseline 0.003 -26"><span class='ocrx_word' id='word_1_17' title='bbox 91 691 190 756; x_wconf 91' lang='lat' dir='ltr'><strong>Ante</strong></span> <span class='ocrx_word' id='word_1_18' title='bbox 206 693 317 757; x_wconf 87' lang='lat' dir='ltr'><strong>Joveni</strong></span> <span class='ocrx_word' id='word_1_19' title='bbox 333 696 429 777; x_wconf 87' lang='lat' dir='ltr'><strong>passis</strong></span> <span class='ocrx_word' id='word_1_20' title='bbox 445 697 530 759; x_wconf 89' lang='lat' dir='ltr'><strong>stetit</strong></span> <span class='ocrx_word' id='word_1_21' title='bbox 545 696 698 760; x_wconf 88' lang='lat' dir='ltr'><strong>invidiosa</strong></span> <span class='ocrx_word' id='word_1_22' title='bbox 712 695 840 779; x_wconf 82' lang='lat' dir='ltr'><strong>capillis.</strong></span> <span class='ocrx_word' id='word_1_23' title='bbox 1061 693 1141 765; x_wconf 53' lang='lat'><strong>350,</strong></span> 
     </span>
    </p>

    <p class='ocr_par' dir='ltr' id='par_1_5' title="bbox 93 797 958 882">
     <span class='ocr_line' id='line_1_5' title="bbox 93 797 958 882; baseline 0.005 -23"><span class='ocrx_word' id='word_1_24' title='bbox 93 797 249 880; x_wconf 85' lang='lat' dir='ltr'>‘Proque</span> <span class='ocrx_word' id='word_1_25' title='bbox 263 820 335 862; x_wconf 90' lang='lat' dir='ltr'><strong>meo</strong></span> <span class='ocrx_word' id='word_1_26' title='bbox 351 801 480 882; x_wconf 84' lang='lat' dir='ltr'>supplex</span> <span class='ocrx_word' id='word_1_27' title='bbox 496 801 589 864; x_wconf 87' lang='lat' dir='ltr'><strong>venio</strong></span> <span class='ocrx_word' id='word_1_28' title='bbox 605 801 671 878; x_wconf 93' lang='lat' dir='ltr'><strong>tibi,</strong></span> <span class='ocrx_word' id='word_1_29' title='bbox 688 799 706 863; x_wconf 87' lang='lat' dir='ltr'><strong>J</strong></span> <span class='ocrx_word' id='word_1_30' title='bbox 708 800 830 882; x_wconf 89' lang='lat' dir='ltr'><strong>upiter,’</strong></span> <span class='ocrx_word' id='word_1_31' title='bbox 847 798 958 882; x_wconf 85' lang='lat' dir='ltr'><strong>inquit,</strong></span> 
     </span>
    </p>

    <p class='ocr_par' dir='ltr' id='par_1_6' title="bbox 20 902 1008 986">
     <span class='ocr_line' id='line_1_6' title="bbox 20 902 1008 986; baseline -0.004 -15"><span class='ocrx_word' id='word_1_32' title='bbox 20 938 22 971; x_wconf 77' lang='grc' dir='ltr'><strong>ι</strong></span> <span class='ocrx_word' id='word_1_33' title='bbox 95 902 300 985; x_wconf 66' lang='lat' dir='ltr'><strong>‘Sanguine</strong></span> <span class='ocrx_word' id='word_1_34' title='bbox 316 925 433 986; x_wconf 84' lang='lat' dir='ltr'><strong>proque</strong></span> <span class='ocrx_word' id='word_1_35' title='bbox 450 914 514 967; x_wconf 86' lang='lat' dir='ltr'><strong>tuo.</strong></span> <span class='ocrx_word' id='word_1_36' title='bbox 563 906 598 967; x_wconf 85' lang='lat' dir='ltr'><strong>Si</strong></span> <span class='ocrx_word' id='word_1_37' title='bbox 615 904 702 967; x_wconf 85' lang='lat' dir='ltr'><strong>nulla</strong></span> <span class='ocrx_word' id='word_1_38' title='bbox 715 916 764 966; x_wconf 90' lang='lat' dir='ltr'><strong>est</strong></span> <span class='ocrx_word' id='word_1_39' title='bbox 777 904 878 986; x_wconf 84' lang='lat' dir='ltr'><strong>gratia</strong></span> <span class='ocrx_word' id='word_1_40' title='bbox 891 902 1008 981; x_wconf 81' lang='lat' dir='ltr'><strong>matris,</strong></span> 
     </span>
    </p>

    <p class='ocr_par' dir='ltr' id='par_1_7' title="bbox 96 1006 986 1090">
     <span class='ocr_line' id='line_1_7' title="bbox 96 1006 986 1090; baseline 0.003 -21"><span class='ocrx_word' id='word_1_41' title='bbox 96 1006 135 1069; x_wconf 96' lang='lat' dir='ltr'>N</span> <span class='ocrx_word' id='word_1_42' title='bbox 136 1016 193 1069; x_wconf 84' lang='lat' dir='ltr'><strong>ata</strong></span> <span class='ocrx_word' id='word_1_43' title='bbox 207 1018 327 1089; x_wconf 87' lang='lat' dir='ltr'><strong>patrem</strong></span> <span class='ocrx_word' id='word_1_44' title='bbox 343 1019 485 1085; x_wconf 80' lang='lat' dir='ltr'><strong>moveat3</strong></span> <span class='ocrx_word' id='word_1_45' title='bbox 510 1030 571 1071; x_wconf 88' lang='lat' dir='ltr'><strong>neu</strong></span> <span class='ocrx_word' id='word_1_46' title='bbox 587 1009 627 1071; x_wconf 90' lang='lat' dir='ltr'><strong>sit</strong></span> <span class='ocrx_word' id='word_1_47' title='bbox 641 1008 697 1072; x_wconf 87' lang='lat' dir='ltr'><strong>tibi</strong></span> <span class='ocrx_word' id='word_1_48' title='bbox 713 1030 797 1085; x_wconf 85' lang='lat' dir='ltr'><strong>cura,</strong></span> <span class='ocrx_word' id='word_1_49' title='bbox 812 1028 986 1090; x_wconf 82' lang='lat' dir='ltr'><strong>precamur,</strong></span> 
     </span>
    </p>

    <p class='ocr_par' dir='ltr' id='par_1_8' title="bbox 97 1112 814 1195">
     <span class='ocr_line' id='line_1_8' title="bbox 97 1112 814 1195; baseline 0.003 -22"><span class='ocrx_word' id='word_1_50' title='bbox 97 1112 206 1174; x_wconf 90' lang='lat' dir='ltr'><strong>Vilior</strong></span> <span class='ocrx_word' id='word_1_51' title='bbox 220 1112 311 1189; x_wconf 90' lang='lat' dir='ltr'><strong>illius,</strong></span> <span class='ocrx_word' id='word_1_52' title='bbox 328 1112 412 1195; x_wconf 83' lang='lat' dir='ltr'><strong>qudd</strong></span> <span class='ocrx_word' id='word_1_53' title='bbox 428 1124 535 1178; x_wconf 88' lang='lat' dir='ltr'><strong>nostro</strong></span> <span class='ocrx_word' id='word_1_54' title='bbox 549 1123 596 1175; x_wconf 91' lang='lat' dir='ltr'><strong>est</strong></span> <span class='ocrx_word' id='word_1_55' title='bbox 611 1114 697 1177; x_wconf 85' lang='lat' dir='ltr'><strong>edita</strong></span> <span class='ocrx_word' id='word_1_56' title='bbox 712 1123 814 1194; x_wconf 89' lang='lat' dir='ltr'><strong>partu.</strong></span> 
     </span>
    </p>

    <p class='ocr_par' dir='ltr' id='par_1_9' title="bbox 98 1216 1129 1301">
     <span class='ocr_line' id='line_1_9' title="bbox 98 1216 1129 1301; baseline 0.001 -23"><span class='ocrx_word' id='word_1_57' title='bbox 98 1216 156 1278; x_wconf 92' lang='lat' dir='ltr'><strong>En</strong></span> <span class='ocrx_word' id='word_1_58' title='bbox 174 1218 305 1300; x_wconf 81' lang='lat' dir='ltr'><strong>quaesita</strong></span> <span class='ocrx_word' id='word_1_59' title='bbox 320 1218 373 1281; x_wconf 92' lang='lat' dir='ltr'><strong>diu</strong></span> <span class='ocrx_word' id='word_1_60' title='bbox 390 1218 519 1281; x_wconf 87' lang='lat' dir='ltr'><strong>tandem</strong></span> <span class='ocrx_word' id='word_1_61' title='bbox 535 1218 610 1281; x_wconf 89' lang='lat' dir='ltr'><strong>mihi</strong></span> <span class='ocrx_word' id='word_1_62' title='bbox 627 1228 701 1281; x_wconf 85' lang='lat' dir='ltr'><strong>nata</strong></span> <span class='ocrx_word' id='word_1_63' title='bbox 716 1227 838 1301; x_wconf 82' lang='lat' dir='ltr'><strong>reperta</strong></span> <span class='ocrx_word' id='word_1_64' title='bbox 852 1227 919 1294; x_wconf 82' lang='lat' dir='ltr'><strong>est3</strong></span> <span class='ocrx_word' id='word_1_65' title='bbox 1062 1218 1129 1281; x_wconf 83' lang='lat'>355·</span> 
     </span>
    </p>

    <p class='ocr_par' dir='ltr' id='par_1_10' title="bbox 100 1321 818 1403">
     <span class='ocr_line' id='line_1_10' title="bbox 100 1321 818 1403; baseline -0.001 -18"><span class='ocrx_word' id='word_1_66' title='bbox 100 1321 142 1385; x_wconf 77' lang='lat' dir='ltr'><strong>Si</strong></span> <span class='ocrx_word' id='word_1_67' title='bbox 159 1322 292 1403; x_wconf 89' lang='lat' dir='ltr'><strong>reperire</strong></span> <span class='ocrx_word' id='word_1_68' title='bbox 308 1344 401 1387; x_wconf 86' lang='lat' dir='ltr'><strong>vocas</strong></span> <span class='ocrx_word' id='word_1_69' title='bbox 416 1322 558 1385; x_wconf 85' lang='lat' dir='ltr'><strong>amittere</strong></span> <span class='ocrx_word' id='word_1_70' title='bbox 575 1324 697 1400; x_wconf 80' lang='lat' dir='ltr'><strong>certius,</strong></span> <span class='ocrx_word' id='word_1_71' title='bbox 713 1332 768 1385; x_wconf 88' lang='lat' dir='ltr'><strong>aut</strong></span> <span class='ocrx_word' id='word_1_72' title='bbox 782 1323 818 1399; x_wconf 88' lang='lat' dir='ltr'><strong>si,</strong></span> 
     </span>
    </p>

    <p class='ocr_par' dir='ltr' id='par_1_11' title="bbox 103 1425 1020 1509">
     <span class='ocr_line' id='line_1_11' title="bbox 103 1425 1020 1509; baseline 0 -20"><span class='ocrx_word' id='word_1_73' title='bbox 103 1425 196 1489; x_wconf 86' lang='lat' dir='ltr'><strong>Scire</strong></span> <span class='ocrx_word' id='word_1_74' title='bbox 214 1426 332 1504; x_wconf 87' lang='lat' dir='ltr'><strong>ubisit,</strong></span> <span class='ocrx_word' id='word_1_75' title='bbox 349 1427 483 1509; x_wconf 88' lang='lat' dir='ltr'><strong>reperire</strong></span> <span class='ocrx_word' id='word_1_76' title='bbox 499 1448 601 1490; x_wconf 91' lang='lat' dir='ltr'><strong>vocas.</strong></span> <span class='ocrx_word' id='word_1_77' title='bbox 649 1427 746 1495; x_wconf 76' lang='lat' dir='ltr'><strong>Quod</strong></span> <span class='ocrx_word' id='word_1_78' title='bbox 762 1437 859 1509; x_wconf 85' lang='lat' dir='ltr'><strong>rapta,</strong></span> <span class='ocrx_word' id='word_1_79' title='bbox 876 1426 1020 1504; x_wconf 82' lang='lat' dir='ltr'><strong>feremus,</strong></span> 
     </span>
    </p>

    <p class='ocr_par' dir='ltr' id='par_1_12' title="bbox 102 1530 1034 1615">
     <span class='ocr_line' id='line_1_12' title="bbox 102 1530 1034 1615; baseline 0.002 -22"><span class='ocrx_word' id='word_1_80' title='bbox 102 1530 287 1594; x_wconf 88' lang='lat' dir='ltr'>Dummodo</span> <span class='ocrx_word' id='word_1_81' title='bbox 302 1532 414 1595; x_wconf 88' lang='lat' dir='ltr'><strong>reddat</strong></span> <span class='ocrx_word' id='word_1_82' title='bbox 428 1552 517 1607; x_wconf 83' lang='lat' dir='ltr'><strong>eam3</strong></span> <span class='ocrx_word' id='word_1_83' title='bbox 542 1552 643 1615; x_wconf 90' lang='lat' dir='ltr'><strong>neque</strong></span> <span class='ocrx_word' id='word_1_84' title='bbox 659 1532 743 1595; x_wconf 87' lang='lat' dir='ltr'><strong>enirn</strong></span> <span class='ocrx_word' id='word_1_85' title='bbox 759 1533 908 1614; x_wconf 85' lang='lat' dir='ltr'><strong>praedoue</strong></span> <span class='ocrx_word' id='word_1_86' title='bbox 922 1530 1034 1595; x_wconf 83' lang='lat' dir='ltr'><strong>marito</strong></span> 
     </span>
    </p>

    <p class='ocr_par' dir='ltr' id='par_1_13' title="bbox 102 1634 913 1720">
     <span class='ocr_line' id='line_1_13' title="bbox 102 1634 913 1720; baseline 0.001 -22"><span class='ocrx_word' id='word_1_87' title='bbox 102 1634 186 1699; x_wconf 88' lang='lat' dir='ltr'><strong>Filia</strong></span> <span class='ocrx_word' id='word_1_88' title='bbox 200 1637 296 1719; x_wconf 87' lang='lat' dir='ltr'><strong>digna</strong></span> <span class='ocrx_word' id='word_1_89' title='bbox 313 1647 366 1699; x_wconf 88' lang='lat' dir='ltr'><strong>tua</strong></span> <span class='ocrx_word' id='word_1_90' title='bbox 380 1646 437 1714; x_wconf 88' lang='lat' dir='ltr'><strong>est,</strong></span> <span class='ocrx_word' id='word_1_91' title='bbox 454 1636 478 1699; x_wconf 92' lang='lat' dir='ltr'><strong>si</strong></span> <span class='ocrx_word' id='word_1_92' title='bbox 490 1636 555 1720; x_wconf 89' lang='lat' dir='ltr'><strong>jam</strong></span> <span class='ocrx_word' id='word_1_93' title='bbox 570 1658 640 1701; x_wconf 87' lang='lat' dir='ltr'><strong>mea</strong></span> <span class='ocrx_word' id='word_1_94' title='bbox 656 1636 719 1700; x_wconf 86' lang='lat' dir='ltr'><strong>filia</strong></span> <span class='ocrx_word' id='word_1_95' title='bbox 733 1637 829 1719; x_wconf 81' lang='lat' dir='ltr'><strong>digna</strong></span> <span class='ocrx_word' id='word_1_96' title='bbox 844 1636 913 1699; x_wconf 69' lang='lat' dir='ltr'><strong>est!</strong></span> 
     </span>
    </p>

    <p class='ocr_par' dir='ltr' id='par_1_14' title="bbox 104 1739 1129 1824">
     <span class='ocr_line' id='line_1_14' title="bbox 104 1739 1129 1824; baseline 0.001 -21"><span class='ocrx_word' id='word_1_97' title='bbox 104 1739 126 1803; x_wconf 87' lang='lat' dir='ltr'>J</span> <span class='ocrx_word' id='word_1_98' title='bbox 129 1740 232 1822; x_wconf 91' lang='lat' dir='ltr'><strong>npiter</strong></span> <span class='ocrx_word' id='word_1_99' title='bbox 246 1740 387 1823; x_wconf 85' lang='lat' dir='ltr'><strong>excepit:</strong></span> <span class='ocrx_word' id='word_1_100' title='bbox 414 1741 607 1804; x_wconf 86' lang='lat' dir='ltr'><strong>‘Commune</strong></span> <span class='ocrx_word' id='word_1_101' title='bbox 623 1752 672 1804; x_wconf 88' lang='lat' dir='ltr'><strong>est</strong></span> <span class='ocrx_word' id='word_1_102' title='bbox 687 1742 800 1824; x_wconf 84' lang='lat' dir='ltr'><strong>pignus</strong></span> <span class='ocrx_word' id='word_1_103' title='bbox 815 1761 956 1823; x_wconf 88' lang='lat' dir='ltr'><strong>onusque</strong></span> <span class='ocrx_word' id='word_1_104' title='bbox 1062 1741 1129 1805; x_wconf 88' lang='grc'><strong>360</strong></span> 
     </span>
    </p>

    <p class='ocr_par' dir='ltr' id='par_1_15' title="bbox 108 1845 915 1923">
     <span class='ocr_line' id='line_1_15' title="bbox 108 1845 915 1923; baseline 0 -16"><span class='ocrx_word' id='word_1_105' title='bbox 108 1845 196 1908; x_wconf 88' lang='lat' dir='ltr'><strong>Nata</strong></span> <span class='ocrx_word' id='word_1_106' title='bbox 210 1845 286 1908; x_wconf 93' lang='lat' dir='ltr'><strong>mihi</strong></span> <span class='ocrx_word' id='word_1_107' title='bbox 302 1856 420 1909; x_wconf 89' lang='lat' dir='ltr'><strong>tecum:</strong></span> <span class='ocrx_word' id='word_1_108' title='bbox 447 1847 512 1923; x_wconf 89' lang='lat' dir='ltr'><strong>sed,</strong></span> <span class='ocrx_word' id='word_1_109' title='bbox 529 1846 554 1909; x_wconf 93' lang='lat' dir='ltr'><strong>si</strong></span> <span class='ocrx_word' id='word_1_110' title='bbox 570 1847 664 1909; x_wconf 82' lang='lat' dir='ltr'><strong>modd</strong></span> <span class='ocrx_word' id='word_1_111' title='bbox 680 1847 808 1910; x_wconf 89' lang='lat' dir='ltr'><strong>nomina</strong></span> <span class='ocrx_word' id='word_1_112' title='bbox 822 1847 915 1908; x_wconf 90' lang='lat' dir='ltr'><strong>rebus</strong></span> 
     </span>
    </p>

    <p class='ocr_par' dir='ltr' id='par_1_16' title="bbox 109 1950 881 2035">
     <span class='ocr_line' id='line_1_16' title="bbox 109 1950 881 2035; baseline -0.003 -22"><span class='ocrx_word' id='word_1_113' title='bbox 109 1950 237 2013; x_wconf 81' lang='lat' dir='ltr'><strong>Addere</strong></span> <span class='ocrx_word' id='word_1_114' title='bbox 253 1972 326 2015; x_wconf 89' lang='lat' dir='ltr'><strong>vera</strong></span> <span class='ocrx_word' id='word_1_115' title='bbox 341 1950 454 2033; x_wconf 89' lang='lat' dir='ltr'><strong>placet,</strong></span> <span class='ocrx_word' id='word_1_116' title='bbox 471 1972 534 2015; x_wconf 92' lang='lat' dir='ltr'><strong>non</strong></span> <span class='ocrx_word' id='word_1_117' title='bbox 551 1952 611 2014; x_wconf 94' lang='lat' dir='ltr'><strong>hoc</strong></span> <span class='ocrx_word' id='word_1_118' title='bbox 627 1950 738 2035; x_wconf 84' lang='lat' dir='ltr'><strong>injuria</strong></span> <span class='ocrx_word' id='word_1_119' title='bbox 754 1951 881 2026; x_wconf 84' lang='lat' dir='ltr'><strong>sactum,</strong></span> 
     </span>
    </p>

    <p class='ocr_par' dir='ltr' id='par_1_17' title="bbox 51 2053 1031 2137">
     <span class='ocr_line' id='line_1_17' title="bbox 51 2053 1031 2137; baseline -0.002 -18"><span class='ocrx_word' id='word_1_120' title='bbox 51 2116 54 2119; x_wconf 87' lang='lat'><strong>.</strong></span> <span class='ocrx_word' id='word_1_121' title='bbox 110 2054 227 2117; x_wconf 82' lang='lat' dir='ltr'><strong>Verum</strong></span> <span class='ocrx_word' id='word_1_122' title='bbox 242 2076 329 2119; x_wconf 87' lang='lat' dir='ltr'><strong>amor</strong></span> <span class='ocrx_word' id='word_1_123' title='bbox 344 2066 409 2118; x_wconf 90' lang='lat' dir='ltr'><strong>est:</strong></span> <span class='ocrx_word' id='word_1_124' title='bbox 435 2076 537 2137; x_wconf 91' lang='lat' dir='ltr'><strong>neque</strong></span> <span class='ocrx_word' id='word_1_125' title='bbox 553 2055 612 2117; x_wconf 89' lang='lat' dir='ltr'><strong>erit</strong></span> <span class='ocrx_word' id='word_1_126' title='bbox 628 2055 717 2117; x_wconf 90' lang='lat' dir='ltr'><strong>nobis</strong></span> <span class='ocrx_word' id='word_1_127' title='bbox 731 2075 829 2137; x_wconf 84' lang='lat' dir='ltr'><strong>gener</strong></span> <span class='ocrx_word' id='word_1_128' title='bbox 843 2053 894 2116; x_wconf 91' lang='lat' dir='ltr'><strong>ille</strong></span> <span class='ocrx_word' id='word_1_129' title='bbox 910 2054 1031 2136; x_wconf 91' lang='lat' dir='ltr'><strong>pudori,</strong></span> 
     </span>
    </p>

    <p class='ocr_par' dir='ltr' id='par_1_18' title="bbox 109 2159 1068 2241">
     <span class='ocr_line' id='line_1_18' title="bbox 109 2159 1068 2241; baseline 0.001 -19"><span class='ocrx_word' id='word_1_130' title='bbox 109 2159 162 2222; x_wconf 88' lang='lat' dir='ltr'><strong>Tu</strong></span> <span class='ocrx_word' id='word_1_131' title='bbox 178 2160 281 2237; x_wconf 79' lang='lat' dir='ltr'><strong>modi),</strong></span> <span class='ocrx_word' id='word_1_132' title='bbox 298 2160 380 2238; x_wconf 86' lang='lat' dir='ltr'><strong>diva,</strong></span> <span class='ocrx_word' id='word_1_133' title='bbox 398 2160 483 2223; x_wconf 88' lang='lat' dir='ltr'><strong>velis.</strong></span> <span class='ocrx_word' id='word_1_134' title='bbox 530 2160 575 2224; x_wconf 86' lang='lat' dir='ltr'><strong>Ut</strong></span> <span class='ocrx_word' id='word_1_135' title='bbox 591 2160 693 2224; x_wconf 84' lang='lat' dir='ltr'><strong>desint</strong></span> <span class='ocrx_word' id='word_1_136' title='bbox 709 2168 828 2236; x_wconf 87' lang='lat' dir='ltr'><strong>cetera;</strong></span> <span class='ocrx_word' id='word_1_137' title='bbox 853 2169 1004 2241; x_wconf 86' lang='lat' dir='ltr'><strong>quantum</strong></span> <span class='ocrx_word' id='word_1_138' title='bbox 1019 2169 1068 2223; x_wconf 88' lang='lat' dir='ltr'><strong>est</strong></span> 
     </span>
    </p>

    <p class='ocr_par' dir='ltr' id='par_1_19' title="bbox 20 2262 1129 2357">
     <span class='ocr_line' id='line_1_19' title="bbox 20 2262 1129 2357; baseline 0.002 -31"><span class='ocrx_word' id='word_1_139' title='bbox 20 2320 23 2357; x_wconf 42' lang='grc' dir='ltr'>ι</span> <span class='ocrx_word' id='word_1_140' title='bbox 110 2264 187 2327; x_wconf 88' lang='lat' dir='ltr'><strong>Esse</strong></span> <span class='ocrx_word' id='word_1_141' title='bbox 203 2262 290 2327; x_wconf 86' lang='lat' dir='ltr'><strong>lovis</strong></span> <span class='ocrx_word' id='word_1_142' title='bbox 306 2266 449 2328; x_wconf 86' lang='lat' dir='ltr'><strong>fratrem!</strong></span> <span class='ocrx_word' id='word_1_143' title='bbox 474 2265 548 2347; x_wconf 90' lang='lat' dir='ltr'><strong>quid</strong></span> <span class='ocrx_word' id='word_1_144' title='bbox 564 2264 648 2347; x_wconf 83' lang='lat' dir='ltr'><strong>qudd</strong></span> <span class='ocrx_word' id='word_1_145' title='bbox 665 2286 725 2327; x_wconf 90' lang='lat' dir='ltr'><strong>nec</strong></span> <span class='ocrx_word' id='word_1_146' title='bbox 740 2274 844 2328; x_wconf 87' lang='lat' dir='ltr'><strong>cetera</strong></span> <span class='ocrx_word' id='word_1_147' title='bbox 859 2266 984 2343; x_wconf 87' lang='lat' dir='ltr'><strong>desunt,</strong></span> <span class='ocrx_word' id='word_1_148' title='bbox 1061 2267 1129 2330; x_wconf 83' lang='lat'><strong>365</strong></span> 
     </span>
    </p>

    <p class='ocr_par' dir='ltr' id='par_1_20' title="bbox 112 2369 911 2451">
     <span class='ocr_line' id='line_1_20' title="bbox 112 2369 911 2451; baseline 0.003 -20"><span class='ocrx_word' id='word_1_149' title='bbox 112 2369 182 2432; x_wconf 90' lang='lat' dir='ltr'><strong>Nec</strong></span> <span class='ocrx_word' id='word_1_150' title='bbox 196 2369 281 2433; x_wconf 85' lang='lat' dir='ltr'><strong>cedit</strong></span> <span class='ocrx_word' id='word_1_151' title='bbox 297 2370 354 2433; x_wconf 88' lang='lat' dir='ltr'><strong>nisi</strong></span> <span class='ocrx_word' id='word_1_152' title='bbox 370 2380 451 2432; x_wconf 87' lang='lat' dir='ltr'><strong>sorte</strong></span> <span class='ocrx_word' id='word_1_153' title='bbox 466 2369 563 2433; x_wconf 82' lang='lat' dir='ltr'><strong>mihi?</strong></span> <span class='ocrx_word' id='word_1_154' title='bbox 611 2370 676 2433; x_wconf 87' lang='lat' dir='ltr'><strong>Sed</strong></span> <span class='ocrx_word' id='word_1_155' title='bbox 693 2381 779 2434; x_wconf 84' lang='lat' dir='ltr'><strong>tanta</strong></span> <span class='ocrx_word' id='word_1_156' title='bbox 794 2370 911 2451; x_wconf 92' lang='lat' dir='ltr'><strong>cupido</strong></span> 
     </span>
    </p>

    <p class='ocr_par' dir='ltr' id='par_1_21' title="bbox 112 2473 914 2557">
     <span class='ocr_line' id='line_1_21' title="bbox 112 2473 914 2557; baseline -0.001 -20"><span class='ocrx_word' id='word_1_157' title='bbox 112 2474 148 2537; x_wconf 84' lang='lat' dir='ltr'><strong>Si</strong></span> <span class='ocrx_word' id='word_1_158' title='bbox 163 2474 218 2536; x_wconf 89' lang='lat' dir='ltr'><strong>tibi</strong></span> <span class='ocrx_word' id='word_1_159' title='bbox 233 2474 356 2538; x_wconf 88' lang='lat' dir='ltr'><strong>discidii</strong></span> <span class='ocrx_word' id='word_1_160' title='bbox 372 2484 429 2551; x_wconf 87' lang='lat' dir='ltr'><strong>est,</strong></span> <span class='ocrx_word' id='word_1_161' title='bbox 446 2484 566 2556; x_wconf 87' lang='lat' dir='ltr'><strong>repetat</strong></span> <span class='ocrx_word' id='word_1_162' title='bbox 581 2474 765 2557; x_wconf 80' lang='lat' dir='ltr'><strong>Proserpina</strong></span> <span class='ocrx_word' id='word_1_163' title='bbox 780 2473 914 2551; x_wconf 88' lang='lat' dir='ltr'><strong>coelum;</strong></span> 
     </span>
    </p>

    <p class='ocr_par' dir='ltr' id='par_1_22' title="bbox 112 2577 827 2660">
     <span class='ocr_line' id='line_1_22' title="bbox 112 2577 827 2660; baseline -0.001 -19"><span class='ocrx_word' id='word_1_164' title='bbox 112 2578 198 2660; x_wconf 86' lang='lat' dir='ltr'><strong>Lege</strong></span> <span class='ocrx_word' id='word_1_165' title='bbox 213 2587 318 2641; x_wconf 85' lang='lat' dir='ltr'><strong>tamen</strong></span> <span class='ocrx_word' id='word_1_166' title='bbox 334 2579 437 2655; x_wconf 76' lang='lat' dir='ltr'><strong>certh;</strong></span> <span class='ocrx_word' id='word_1_167' title='bbox 461 2579 485 2641; x_wconf 95' lang='lat' dir='ltr'><strong>si</strong></span> <span class='ocrx_word' id='word_1_168' title='bbox 501 2577 601 2641; x_wconf 89' lang='lat' dir='ltr'><strong>nullos</strong></span> <span class='ocrx_word' id='word_1_169' title='bbox 617 2578 749 2660; x_wconf 83' lang='lat' dir='ltr'><strong>contigit</strong></span> <span class='ocrx_word' id='word_1_170' title='bbox 764 2578 827 2641; x_wconf 92' lang='lat' dir='ltr'><strong>illic</strong></span> 
     </span>
    </p>

    <p class='ocr_par' dir='ltr' id='par_1_23' title="bbox 113 2683 1130 2855">
     <span class='ocr_line' id='line_1_23' title="bbox 113 2683 995 2747; baseline 0 0"><span class='ocrx_word' id='word_1_171' title='bbox 113 2684 175 2747; x_wconf 89' lang='lat' dir='ltr'><strong>Ore</strong></span> <span class='ocrx_word' id='word_1_172' title='bbox 191 2684 293 2747; x_wconf 91' lang='lat' dir='ltr'><strong>cibos:</strong></span> <span class='ocrx_word' id='word_1_173' title='bbox 319 2705 391 2747; x_wconf 87' lang='lat' dir='ltr'><strong>nam</strong></span> <span class='ocrx_word' id='word_1_174' title='bbox 407 2683 451 2746; x_wconf 92' lang='lat' dir='ltr'><strong>sic</strong></span> <span class='ocrx_word' id='word_1_175' title='bbox 467 2684 633 2747; x_wconf 81' lang='lat' dir='ltr'><strong>Parcarum</strong></span> <span class='ocrx_word' id='word_1_176' title='bbox 650 2683 767 2746; x_wconf 84' lang='lat' dir='ltr'><strong>foedere</strong></span> <span class='ocrx_word' id='word_1_177' title='bbox 783 2692 910 2747; x_wconf 86' lang='lat' dir='ltr'><strong>cautum</strong></span> <span class='ocrx_word' id='word_1_178' title='bbox 926 2685 995 2747; x_wconf 65' lang='lat' dir='ltr'><strong>est!</strong></span> 
     </span>
     <span class='ocr_line' id='line_1_24' title="bbox 157 2787 1130 2855; baseline 0.003 -4"><span class='ocrx_word' id='word_1_179' title='bbox 157 2787 294 2851; x_wconf 84' lang='lat' dir='ltr'><strong>Dixerat.</strong></span> <span class='ocrx_word' id='word_1_180' title='bbox 341 2788 385 2851; x_wconf 89' lang='lat' dir='ltr'><strong>At</strong></span> <span class='ocrx_word' id='word_1_181' title='bbox 399 2788 504 2851; x_wconf 86' lang='lat' dir='ltr'><strong>Cereri</strong></span> <span class='ocrx_word' id='word_1_182' title='bbox 519 2798 639 2852; x_wconf 90' lang='lat' dir='ltr'><strong>certum</strong></span> <span class='ocrx_word' id='word_1_183' title='bbox 655 2799 703 2850; x_wconf 88' lang='lat' dir='ltr'><strong>est</strong></span> <span class='ocrx_word' id='word_1_184' title='bbox 718 2789 852 2851; x_wconf 89' lang='lat' dir='ltr'><strong>educere</strong></span> <span class='ocrx_word' id='word_1_185' title='bbox 868 2798 985 2853; x_wconf 84' lang='lat' dir='ltr'><strong>natam.</strong></span> <span class='ocrx_word' id='word_1_186' title='bbox 1062 2792 1130 2855; x_wconf 79' lang='lat'><strong>370</strong></span> 
     </span>
    </p>

    <p class='ocr_par' dir='ltr' id='par_1_24' title="bbox 115 2893 868 2978">
     <span class='ocr_line' id='line_1_25' title="bbox 115 2893 868 2978; baseline -0.001 -20"><span class='ocrx_word' id='word_1_187' title='bbox 115 2893 185 2958; x_wconf 92' lang='lat' dir='ltr'><strong>Non</strong></span> <span class='ocrx_word' id='word_1_188' title='bbox 201 2893 244 2956; x_wconf 90' lang='lat' dir='ltr'><strong>ita</strong></span> <span class='ocrx_word' id='word_1_189' title='bbox 259 2893 323 2958; x_wconf 82' lang='lat' dir='ltr'><strong>fau</strong></span> <span class='ocrx_word' id='word_1_190' title='bbox 338 2893 461 2957; x_wconf 89' lang='lat' dir='ltr'><strong>sinunt:</strong></span> <span class='ocrx_word' id='word_1_191' title='bbox 486 2893 633 2976; x_wconf 88' lang='lat' dir='ltr'><strong>quoniam</strong></span> <span class='ocrx_word' id='word_1_192' title='bbox 645 2894 764 2978; x_wconf 84' lang='lat' dir='ltr'><strong>jejunia</strong></span> <span class='ocrx_word' id='word_1_193' title='bbox 779 2894 868 2976; x_wconf 86' lang='lat' dir='ltr'><strong>virgo</strong></span> 
     </span>
    </p>

    <p class='ocr_par' dir='ltr' id='par_1_25' title="bbox 115 2993 947 3082">
     <span class='ocr_line' id='line_1_26' title="bbox 115 2993 947 3082; baseline 0.001 -19"><span class='ocrx_word' id='word_1_194' title='bbox 115 2998 268 3063; x_wconf 84' lang='lat' dir='ltr'><strong>Solverat:</strong></span> <span class='ocrx_word' id='word_1_195' title='bbox 293 3008 335 3077; x_wconf 90' lang='lat' dir='ltr'><strong>et,</strong></span> <span class='ocrx_word' id='word_1_196' title='bbox 351 2999 441 3062; x_wconf 87' lang='lat' dir='ltr'><strong>cultis</strong></span> <span class='ocrx_word' id='word_1_197' title='bbox 456 3000 533 3062; x_wconf 89' lang='lat' dir='ltr'><strong>dum</strong></span> <span class='ocrx_word' id='word_1_198' title='bbox 549 2993 679 3082; x_wconf 88' lang='lat' dir='ltr'><strong>simplex</strong></span> <span class='ocrx_word' id='word_1_199' title='bbox 694 3009 776 3063; x_wconf 89' lang='lat' dir='ltr'><strong>errat</strong></span> <span class='ocrx_word' id='word_1_200' title='bbox 791 3002 824 3063; x_wconf 93' lang='lat' dir='ltr'><strong>in</strong></span> <span class='ocrx_word' id='word_1_201' title='bbox 841 3000 947 3079; x_wconf 83' lang='lat' dir='ltr'><strong>hortis,</strong></span> 
     </span>
    </p>

    <p class='ocr_par' dir='ltr' id='par_1_26' title="bbox 114 3103 901 3186">
     <span class='ocr_line' id='line_1_27' title="bbox 114 3103 901 3186; baseline -0.001 -18"><span class='ocrx_word' id='word_1_202' title='bbox 114 3103 291 3168; x_wconf 88' lang='lat' dir='ltr'><strong>Poeniceum</strong></span> <span class='ocrx_word' id='word_1_203' title='bbox 307 3104 402 3167; x_wconf 77' lang='lat' dir='ltr'><strong>curvi</strong></span> <span class='ocrx_word' id='word_1_204' title='bbox 416 3104 614 3186; x_wconf 82' lang='lat' dir='ltr'><strong>decerpserat</strong></span> <span class='ocrx_word' id='word_1_205' title='bbox 629 3104 737 3167; x_wconf 90' lang='lat' dir='ltr'><strong>arbore</strong></span> <span class='ocrx_word' id='word_1_206' title='bbox 754 3126 901 3186; x_wconf 90' lang='lat' dir='ltr'><strong>pomum:</strong></span> 
     </span>
    </p>

    <p class='ocr_par' dir='ltr' id='par_1_27' title="bbox 116 3208 884 3292">
     <span class='ocr_line' id='line_1_28' title="bbox 116 3208 884 3292; baseline 0.001 -20"><span class='ocrx_word' id='word_1_207' title='bbox 116 3209 305 3291; x_wconf 70' lang='lat' dir='ltr'><strong>sumptaque</strong></span> <span class='ocrx_word' id='word_1_208' title='bbox 322 3208 449 3291; x_wconf 83' lang='lat' dir='ltr'><strong>pallenti</strong></span> <span class='ocrx_word' id='word_1_209' title='bbox 465 3219 584 3289; x_wconf 87' lang='lat' dir='ltr'><strong>septem</strong></span> <span class='ocrx_word' id='word_1_210' title='bbox 600 3209 640 3271; x_wconf 91' lang='lat' dir='ltr'><strong>de</strong></span> <span class='ocrx_word' id='word_1_211' title='bbox 657 3209 771 3272; x_wconf 89' lang='lat' dir='ltr'><strong>cortice</strong></span> <span class='ocrx_word' id='word_1_212' title='bbox 786 3231 884 3292; x_wconf 85' lang='lat' dir='ltr'><strong>grana</strong></span> 
     </span>
    </p>

    <p class='ocr_par' dir='ltr' id='par_1_28' title="bbox 115 3313 1132 3396">
     <span class='ocr_line' id='line_1_29' title="bbox 115 3313 1132 3396; baseline 0.001 -18"><span class='ocrx_word' id='word_1_213' title='bbox 115 3314 266 3378; x_wconf 89' lang='lat' dir='ltr'><strong>Presserat</strong></span> <span class='ocrx_word' id='word_1_214' title='bbox 280 3335 333 3378; x_wconf 88' lang='lat' dir='ltr'><strong>ore</strong></span> <span class='ocrx_word' id='word_1_215' title='bbox 350 3334 423 3377; x_wconf 90' lang='lat' dir='ltr'><strong>suo:</strong></span> <span class='ocrx_word' id='word_1_216' title='bbox 450 3313 593 3396; x_wconf 91' lang='lat' dir='ltr'><strong>solusque</strong></span> <span class='ocrx_word' id='word_1_217' title='bbox 609 3335 649 3376; x_wconf 89' lang='lat' dir='ltr'><strong>ex</strong></span> <span class='ocrx_word' id='word_1_218' title='bbox 664 3314 809 3377; x_wconf 89' lang='lat' dir='ltr'><strong>omnibus</strong></span> <span class='ocrx_word' id='word_1_219' title='bbox 824 3314 902 3380; x_wconf 92' lang='lat' dir='ltr'><strong>illud</strong></span> <span class='ocrx_word' id='word_1_220' title='bbox 1065 3319 1132 3381; x_wconf 79' lang='lat'><strong>375</strong></span> 
     </span>
    </p>

    <p class='ocr_par' dir='ltr' id='par_1_29' title="bbox 116 3417 1031 3505">
     <span class='ocr_line' id='line_1_30' title="bbox 116 3417 1031 3505; baseline 0.004 -23"><span class='ocrx_word' id='word_1_221' title='bbox 116 3418 239 3482; x_wconf 85' lang='lat' dir='ltr'><strong>Viderat</strong></span> <span class='ocrx_word' id='word_1_222' title='bbox 254 3417 459 3499; x_wconf 86' lang='lat' dir='ltr'><strong>Ascalaphus,</strong></span> <span class='ocrx_word' id='word_1_223' title='bbox 475 3438 568 3499; x_wconf 88' lang='lat' dir='ltr'><strong>quern</strong></span> <span class='ocrx_word' id='word_1_224' title='bbox 584 3419 743 3499; x_wconf 90' lang='lat' dir='ltr'><strong>quondam</strong></span> <span class='ocrx_word' id='word_1_225' title='bbox 759 3420 872 3483; x_wconf 86' lang='lat' dir='ltr'><strong>dicitur</strong></span> <span class='ocrx_word' id='word_1_226' title='bbox 887 3421 1031 3505; x_wconf 86' lang='lat' dir='ltr'><strong>Orphne,</strong></span> 
     </span>
    </p>

    <p class='ocr_par' dir='ltr' id='par_1_30' title="bbox 117 3520 868 3607">
     <span class='ocr_line' id='line_1_31' title="bbox 117 3520 868 3607; baseline 0 -20"><span class='ocrx_word' id='word_1_227' title='bbox 117 3524 196 3587; x_wconf 90' lang='lat' dir='ltr'><strong>Inter</strong></span> <span class='ocrx_word' id='word_1_228' title='bbox 210 3520 382 3585; x_wconf 85' lang='lat' dir='ltr'><strong>Avernales</strong></span> <span class='ocrx_word' id='word_1_229' title='bbox 398 3521 481 3585; x_wconf 89' lang='lat' dir='ltr'><strong>haud</strong></span> <span class='ocrx_word' id='word_1_230' title='bbox 497 3522 689 3605; x_wconf 87' lang='lat' dir='ltr'><strong>ignotissima</strong></span> <span class='ocrx_word' id='word_1_231' title='bbox 704 3524 868 3607; x_wconf 85' lang='lat' dir='ltr'><strong>nymphas,</strong></span> 
     </span>
    </p>

    <p class='ocr_par' dir='ltr' id='par_1_31' title="bbox 118 3626 903 3709">
     <span class='ocr_line' id='line_1_32' title="bbox 118 3626 903 3709; baseline 0.003 -18"><span class='ocrx_word' id='word_1_232' title='bbox 118 3627 162 3691; x_wconf 89' lang='lat' dir='ltr'><strong>Ex</strong></span> <span class='ocrx_word' id='word_1_233' title='bbox 177 3626 354 3691; x_wconf 80' lang='lat' dir='ltr'><strong>Acheronte</strong></span> <span class='ocrx_word' id='word_1_234' title='bbox 369 3648 426 3689; x_wconf 89' lang='lat' dir='ltr'><strong>suo</strong></span> <span class='ocrx_word' id='word_1_235' title='bbox 441 3626 535 3689; x_wconf 88' lang='lat' dir='ltr'><strong>furvis</strong></span> <span class='ocrx_word' id='word_1_236' title='bbox 551 3627 707 3709; x_wconf 89' lang='lat' dir='ltr'><strong>peperisse</strong></span> <span class='ocrx_word' id='word_1_237' title='bbox 724 3628 782 3691; x_wconf 93' lang='lat' dir='ltr'><strong>sub</strong></span> <span class='ocrx_word' id='word_1_238' title='bbox 796 3630 903 3694; x_wconf 86' lang='lat' dir='ltr'><strong>antris.</strong></span> 
     </span>
    </p>
   </div>
   <div class='ocr_carea' id='block_1_3' title="bbox 118 3731 844 3896">
    <p class='ocr_par' dir='ltr' id='par_1_32' title="bbox 118 3731 844 3896">
     <span class='ocr_line' id='line_1_33' title="bbox 118 3731 844 3801; baseline -0.003 -4"><span class='ocrx_word' id='word_1_239' title='bbox 118 3732 214 3797; x_wconf 86' lang='lat' dir='ltr'><strong>Vidit:</strong></span> <span class='ocrx_word' id='word_1_240' title='bbox 239 3740 272 3801; x_wconf 88' lang='lat' dir='ltr'><strong>et</strong></span> <span class='ocrx_word' id='word_1_241' title='bbox 287 3731 403 3795; x_wconf 88' lang='lat' dir='ltr'><strong>indicio</strong></span> <span class='ocrx_word' id='word_1_242' title='bbox 418 3731 552 3795; x_wconf 88' lang='lat' dir='ltr'><strong>reditum</strong></span> <span class='ocrx_word' id='word_1_243' title='bbox 567 3731 701 3795; x_wconf 89' lang='lat' dir='ltr'><strong>crudelis</strong></span> <span class='ocrx_word' id='word_1_244' title='bbox 716 3733 844 3795; x_wconf 84' lang='lat' dir='ltr'><strong>ademit.</strong></span> 
     </span>
     <span class='ocr_line' id='line_1_34' title="bbox 374 3836 425 3896; baseline 0 -21"><span class='ocrx_word' id='word_1_245' title='bbox 374 3836 394 3896; x_wconf 78' lang='lat'><strong>7</strong></span> <span class='ocrx_word' id='word_1_246' title='bbox 405 3836 425 3875; x_wconf 72' lang='lat' dir='ltr'><strong>a</strong></span> 
     </span>
    </p>
   </div>
   <div class='ocr_carea' id='block_1_4' title="bbox 0 0 1319 4209">
    <p class='ocr_par' dir='ltr' id='par_1_33' title="bbox 0 0 1319 4209">
     <span class='ocr_line' id='line_1_35' title="bbox 0 0 1319 4209; baseline 0 0"><span class='ocrx_word' id='word_1_247' title='bbox 0 0 1319 4209; x_wconf 95' lang='lat' dir='ltr'><strong> </strong></span> 
     </span>
    </p>
   </div>
  </div>
 </body>
</html>
