2567 4209
322 329 484 381 -sPISTLn
505 330 552 380 Ol*
572 326 702 381 MEDEA
722 324 773 381 ‘1⁸0
792 328 913 381 lASON.

14 484 23 523 ²
79 495 157 559 Vix
176 518 242 563 me
262 500 412 580 continui,
428 501 514 585 quin,
529 502 575 566 sic
589 500 705 567 laniata
719 500 858 586 capillos,

134 602 345 685 Clamarem,
362 606 477 671 ‘Meus
492 608 560 686 est,’
577 606 799 693 injicercmque
813 623 936 671 manus.

80 706 193 771 Laese
214 721 320 792 pater,
336 713 457 795 gaude:
481 712 602 791 Colchi,
617 713 764 799 gaudete,
779 712 898 790 relicti3

136 812 289 879 Inferias
304 814 422 880 umbrae
438 816 538 881 fratris
554 817 667 881 habete
681 818 754 882 mei.

82 918 250 985 Deseror
267 922 400 1012 (amissis
415 944 523 1007 regno,
539 925 700 1008 patriique
717 923 888 1013 domoque)

137 1024 311 1111 Conjuge,
327 1028 380 1111 qui
396 1028 485 1092 nobis
501 1030 606 1093 omnia
620 1029 704 1093 solus
718 1040 795 1095 erat.

86 1129 283 1213 Serpentes
299 1133 391 1216 igitur
406 1135 504 1218 potui,
520 1145 686 1219 taurosque
701 1136 850 1215 furenter,

138 1236 265 1301 Unum
281 1260 345 1302 non
361 1240 448 1322 potui
464 1240 677 1322 perdomuisse
692 1242 815 1305 virum?

89 1335 260 1425 Quaeque
276 1343 357 1407 feros
372 1345 478 1427 pepuli
493 1346 595 1410 doctis
609 1346 816 1411 medicatibus
830 1347 930 1431 ignes,

142 1446 180 1510 N
182 1469 230 1511 on
248 1449 338 1513 valeo
352 1449 492 1514 flammas
508 1448 646 1534 effugere
661 1450 730 1535 ipsa
744 1455 852 1517 meaa?

90 1548 166 1633 Ipsi
183 1574 242 1617 me
258 1564 380 1632 cantus,
395 1554 572 1639 herbaeque,
587 1567 731 1641 artesque
747 1556 948 1641 relinquunt?

143 1657 208 1722 Nil
227 1660 297 1737 dea,
315 1660 358 1723 nil
373 1659 510 1725 Hecates
526 1682 612 1726 sacra
628 1662 765 1746 potentis
780 1665 899 1757 agrrnt?
972 1721 975 1728 .

96 1760 181 1826 Non
199 1764 279 1829 mihi
293 1776 381 1848 grata
396 1766 480 1830 dies:
505 1777 614 1831 noctes
628 1767 796 1851 vigilantur
809 1788 946 1847 amam

146 1863 183 1931 N
184 1891 228 1933 ec
243 1880 331 1933 tener
345 1870 377 1934 in
393 1872 505 1935 misero
521 1882 648 1955 pectore
662 1890 790 1936 somnus
804 1875 904 1938 adeat.

100 1971 193 2042 Quae
212 1996 264 2039 me
280 1993 344 2039 non
359 1998 495 2060 possum,
513 1977 601 2059 potui
616 1977 719 2059 sopire
734 1977 915 2042 draconem.

148 2078 268 2145 Utilior
283 2082 390 2160 cuivis,
407 2082 501 2166 qu'am
517 2080 604 2159 mihi,
620 2104 695 2146 cura
708 2102 781 2146 mea
795 2092 853 2147 eat.

9 2198 16 2238 ³
102 2182 202 2253 Quos
219 2206 279 2269 ego
294 2188 422 2266 servavi,
438 2186 540 2271 pellex
555 2187 753 2271 amplectitur
767 2198 871 2253 anus:

151 2291 196 2356 Et
212 2293 310 2356 nostri
326 2293 444 2358 fructus
459 2292 638 2358 illalaboris
655 2294 758 2359 habet.

104 2394 253 2462 Forsitan
269 2409 311 2478 et,
328 2399 429 2463 stultae
445 2400 520 2464 dum
536 2410 567 2463 te
580 2400 699 2486 jactare
713 2400 833 2466 maritas

152 2505 293 2584 Quaeris,
309 2517 342 2569 et
356 2506 476 2591 injustis
492 2506 617 2569 auribus
632 2517 707 2589 apta
720 2506 816 2590 loqui,

105 2607 145 2672 In
162 2611 276 2675 faciem
292 2632 455 2693 moresque
471 2630 557 2673 meos
574 2630 656 2673 nova
671 2611 801 2676 crimina
814 2612 932 2696 lingas:

153 2716 282 2795 Rideat,
298 2727 331 2780 et
346 2717 427 2779 vitiis
442 2716 514 2780 laeta
529 2716 569 2779 sit
583 2714 636 2779 illa
650 2715 738 2781 meis.

108 2818 238 2900 Rideat,
255 2832 288 2886 et
303 2821 399 2907 Tyrio
410 2822 515 2908 jaceat
530 2820 670 2886 sublimis
684 2822 717 2886 in
732 2830 833 2888 ostro:

155 2914 267 3007 Flebit,
284 2937 316 2990 et
330 2928 455 2991 ardores
471 2926 575 2992 vincet
589 2928 701 2992 adusta
716 2950 813 2993 meos.

109 3029 197 3096 Dum
213 3032 326 3095 ferrum
342 3032 538 3113 flammaeque
553 3033 697 3111 aderunt,
713 3054 887 3118 succusque
902 3031 1027 3112 veneni,

155 3136 265 3201 Hostis
281 3137 406 3200 Medeae
422 3135 527 3199 nullus
542 3135 660 3198 inultus
675 3137 743 3199 erit.

9 3272 10 3275 ¹
112 3241 251 3311 Quodsi
268 3242 346 3306 forte
362 3262 470 3325 preces
486 3240 659 3324 praecordia
675 3240 774 3304 ferrea
790 3250 933 3323 tangunt,

157 3348 187 3411 N
190 3370 252 3412 unc
267 3348 379 3411 animis
394 3347 468 3410 audi
484 3346 578 3410 verba
593 3347 714 3410 minora
728 3346 817 3410 meis.
899 3367 902 3371 ·

113 3452 192 3517 Tam
209 3454 264 3517 tibi
280 3474 349 3517 sum
365 3453 505 3537 supplex,
521 3454 615 3535 quiam
631 3462 666 3515 tu
681 3453 757 3517 mibi
772 3474 857 3536 saepe
873 3452 968 3532 suisti,

157 3559 227 3624 Nec
243 3580 345 3623 moror
359 3568 432 3623 ante
448 3569 518 3622 tuos
534 3558 734 3641 procubuisse
750 3559 858 3642 pedes.

116 3664 149 3728 Si
164 3665 219 3729 tibi
235 3686 305 3727 sum
320 3663 397 3741 vilis,
414 3684 596 3727 communes
611 3664 730 3744 respice
746 3673 847 3725 natos.
1072 3662 1134 3721 185

159 3770 276 3835 Saeriet
291 3769 323 3831 in
339 3778 445 3850 partus
461 3767 528 3830 dira
543 3786 677 3828 noverca
691 3767 801 3827 meos?
