2567 4209
157 314 221 377 112
435 305 553 356 ovln’s
571 301 902 355 METAMORPHOSES.

153 476 345 562 Hesperidas
360 477 493 542 donisse
509 487 609 561 putes.
658 477 692 541 Si
708 476 848 558 postibus
863 476 935 540 altis

154 582 304 647 Admovit
318 582 442 665 digitos,
459 594 565 665 postes
577 582 697 645 radiare
713 582 868 644 videntur.

153 688 210 753 Ille
225 688 318 752 etiarn
334 686 457 771 liquidis
472 686 589 770 palmas
604 688 657 749 ubi
673 686 790 750 laverat
805 686 908 765 undis,
932 760 940 773 δ

153 792 249 857 Unda
264 793 365 856 fluens
380 792 489 875 palmis
504 792 637 855 Danaen
653 791 779 854 eludere
796 801 913 873 posset.

198 898 258 962 Vir
274 920 346 980 spes
361 898 427 981 ipse
442 919 514 963 suas
528 898 634 963 animo
649 897 743 979 capit,
759 918 855 961 aurea
869 896 993 979 fingens
1059 904 1067 919 ¹
1144 900 1190 961 30

153 1002 280 1067 Omnia.
326 1002 487 1066 Gaudenti
501 1023 624 1065 mensas
639 1002 772 1084 posuere
788 1001 930 1077 ministri,

153 1107 336 1172 Exstructas
350 1108 491 1190 dapibus,
508 1130 569 1171 nec
583 1116 673 1171 tostae
689 1105 785 1189 frugis
800 1116 941 1188 egentes.

152 1214 238 1277 Turn
254 1214 337 1292 verb,
353 1214 417 1277 sive
432 1213 484 1277 ille
498 1213 556 1277 sui
570 1212 713 1275 Cerealia
727 1212 838 1275 dextra

153 1318 289 1382 Munera
302 1319 485 1401 contigerat,
501 1317 641 1381 Cerealia
655 1318 741 1383 dona
755 1316 908 1399 rigebant.

154 1423 229 1488 Sive
244 1425 341 1505 dapes
356 1423 449 1487 arido
463 1422 637 1486 convellere
653 1422 749 1485 dente
765 1420 904 1504 parabat,
1140 1424 1188 1485 35

152 1528 286 1592 Lamina
301 1525 385 1591 sulm
399 1528 497 1609 dapes
511 1528 640 1591 admoto
655 1527 752 1590 dente
765 1525 919 1589 nitebant.

152 1631 324 1695 Miscuerat
339 1631 423 1712 puris
437 1642 597 1694 auctorem
613 1632 749 1695 muneris
765 1630 867 1709 undis,

152 1735 256 1801 Fusile
272 1757 327 1818 per
341 1736 437 1800 rictus
451 1757 561 1800 aurum
577 1736 697 1799 fluitare
714 1737 845 1799 videres.

196 1841 358 1905 Attonitus
372 1841 509 1905 novitate
524 1841 609 1920 mali,
624 1842 785 1925 divesque,
800 1842 958 1924 miserque

152 1946 301 2031 Effugere
314 1958 404 2031 optat
418 1968 504 2031 opes,
520 1959 562 2026 et,
578 1968 649 2031 quae
666 1946 760 2011 modo
777 1956 912 2024 voverat,
929 1945 1006 2010 odit.

152 2052 253 2135 Copia
267 2052 353 2116 nulla
368 2054 483 2117 famem
498 2052 632 2117 relevat:
657 2052 724 2115 sitis
737 2051 824 2115 arida
838 2061 947 2135 guttur

152 2156 235 2236 Urit,
250 2167 284 2221 ct
297 2157 398 2221 inviso
411 2158 540 2222 meritus
556 2167 716 2240 torquetur
730 2157 771 2219 ab
786 2178 872 2220 auro.

152 2260 206 2326 Ad
220 2260 396 2344 coelumne
411 2283 523 2324 manus
537 2272 571 2326 et
585 2261 750 2345 splendida
764 2262 891 2325 brachia
906 2260 1029 2340 tollens,

152 2365 223 2429 ‘Da
237 2365 371 2443 veniam,
387 2365 505 2429 Lenaee
520 2378 609 2450 pater
618 2390 627 2446 ;
652 2368 871 2449 peccavimus,’
888 2367 1006 2451 inquit:

152 2472 238 2535 ‘Sed
253 2470 408 2551 miserere,
424 2493 543 2554 precor,
559 2473 763 2555 speciosoque
778 2473 862 2555 eripe
878 2472 1016 2535 damno!

151 2575 232 2641 Mite
247 2577 340 2642 derim
358 2599 474 2644 numen
490 2578 633 2642 Bacchus
648 2578 796 2659 peccasse
811 2578 961 2641 latentem

151 2681 311 2761 Restituit,
326 2694 512 2766 pactamque
527 2684 633 2761 fidem,
650 2683 724 2745 data
738 2704 877 2761 munera,
894 2682 998 2747 solvit.

152 2786 263 2851 ‘Neve
278 2786 358 2851 male
374 2799 483 2869 optato
497 2809 625 2852 maneas
639 2787 829 2851 circumlitus
844 2809 931 2866 auro,

151 2891 263 2971 Vade,’
279 2891 332 2970 ait,
349 2900 358 2930 ‘
367 2892 409 2955 ad
423 2892 545 2974 magnis
562 2892 696 2956 vicinum
714 2893 864 2957 Sardibus
878 2913 1017 2971 amnem,

151 2996 272 3080 Perque
284 2997 395 3081 jugum
409 2998 525 3061 montis
540 2980 842 3063 tabentibus'obvius
856 2998 950 3061 undis

150 3102 252 3187 Carpe
268 3105 360 3182 viam,
377 3105 479 3169 donec
494 3104 600 3167 venias
615 3106 656 3168 ad
672 3104 807 3167 fluminis
823 3114 918 3167 ortus

151 3208 392 3292 Spumiseroque
407 3220 497 3274 tuum
512 3210 601 3287 sonti,
618 3211 681 3292 qua
695 3209 845 3292 plurimus
860 3209 934 3287 exit,

152 3314 260 3377 Subde
276 3325 380 3398 caput,
397 3336 570 3397 corpusque
586 3314 687 3391 simul,
704 3314 794 3377 simul
810 3314 879 3378 elue
896 3314 1037 3378 crimen?

150 3417 221 3481 Rex
233 3420 327 3501 jussae
342 3418 484 3481 succedit
498 3440 598 3500 aquae.
644 3420 700 3482 Vis
713 3440 810 3483 aurea
824 3420 915 3483 tinxit
954 3462 957 3468 -

150 3519 293 3597 Flumen,
309 3530 342 3583 et
356 3519 494 3582 humano
509 3522 549 3583 de
565 3542 694 3603 corpore
710 3522 802 3585 cessit
816 3523 848 3585 in
864 3544 1001 3587 amnem.

150 3621 248 3696 Nunc
262 3622 387 3704 qudque
397 3622 462 3705 jam
478 3624 590 3687 veteris
606 3636 754 3707 percepto
769 3627 887 3691 semine
903 3648 993 3690 venae

151 3725 236 3789 Arva
250 3725 362 3806 rigent,
377 3747 454 3789 auro
467 3727 602 3791 madidis
617 3727 764 3809 pallentia
779 3728 889 3813 glebis.
