2567 4209
128 363 136 377 ,
163 321 203 381 10
436 308 555 363 ovm’s
577 312 906 365 Mn'rsmttrnosus.

158 480 276 547 Deerat
290 480 405 560 adhue,
421 491 454 545 et
468 484 553 565 quod
568 484 722 547 dominari
737 483 770 547 iu
785 493 892 546 cetera
905 491 1021 564 posset.

160 585 262 650 Natus
278 586 373 650 homo
388 598 455 651 est:
480 588 543 650 rive
559 588 645 651 hunc
660 588 767 650 divino
781 587 900 649 semine
915 585 991 649 lecit

159 689 217 754 Ille
233 691 336 773 opifex
351 714 465 769 rerum,
481 693 590 755 mundi
606 691 742 754 melioris
757 691 862 772 orig03

161 796 235 861 Sive
251 816 359 859 recens
375 796 476 875 tellus,
490 798 684 879 seductaque
699 817 799 879 nuper
813 796 854 859 ab
868 795 933 859 ulto

160 898 299 977 AEthere,
317 902 441 982 cognati
457 900 610 965 retinebat
625 901 744 964 semina
758 899 841 976 coeli,

160 1003 268 1072 Quam
283 1015 368 1067 satus
383 1006 503 1087 l'apeto,
520 1006 649 1067 mixtam
663 1004 838 1068 fluvialibus
854 1003 955 1080 undis,

159 1107 264 1171 Finxit
278 1109 311 1171 in
326 1109 462 1191 effigiem
476 1110 695 1173 moderantium
709 1119 825 1172 cuneta
839 1110 979 1172 deorum.

158 1212 322 1301 Pronaque
338 1214 408 1277 cum
425 1222 569 1295 spectent
584 1213 730 1277 animalia
746 1223 851 1277 cetera
865 1222 991 1289 terram,
1047 1192 1054 1203 ’

159 1318 206 1381 Os
220 1317 338 1380 homini
355 1317 484 1381 sublime
501 1319 599 1396 dedit,
616 1318 795 1401 coelumque
809 1318 890 1381 tueri

158 1420 265 1500 lussit,
282 1432 313 1487 et
329 1434 449 1485 erectos
464 1424 505 1485 ad
521 1424 623 1487 sidera
638 1422 746 1485 tollere
762 1422 876 1484 vultus.

161 1526 225 1603 Sic,
241 1526 336 1588 modb
351 1547 421 1607 quse
437 1526 538 1589 iuerat
553 1526 638 1589 rudis
654 1536 687 1588 et
702 1527 769 1588 sine
784 1526 931 1607 imagine,
947 1524 1038 1591 tellus

159 1630 266 1694 Induit
281 1630 403 1713 ignotas
418 1630 580 1693 hominurn
595 1650 746 1693 conversa
761 1629 885 1713 figuras.

373 1880 441 1923 THE
465 1880 552 1923 FOUR
574 1882 655 1922 AGES
679 1881 718 1923 ΟΕ
742 1881 810 1923 THE
834 1880 961 1922 WORLD·
1143 1874 1147 1881 '

502 2082 506 2085 .
620 2038 649 2079 ν.
667 2019 720 2081 89.

159 2156 266 2221 Aurea
281 2157 380 2238 prime
396 2166 462 2219 sata
477 2164 525 2218 est
540 2165 627 2231 aetas,
643 2176 725 2236 quae,
741 2154 865 2218 vindice
881 2152 976 2230 nullo,

160 2263 283 2343 Sponte
299 2260 365 2337 sub,
382 2260 449 2322 sine
463 2258 544 2341 lege,
561 2258 656 2321 fidem
671 2270 853 2340 rectumque
870 2258 1004 2320 colebat.

160 2366 259 2430 Poena
274 2374 437 2446 metusque
452 2363 601 2441 aberent3
625 2384 686 2427 nec
701 2362 796 2425 verba
811 2363 946 2426 minacia
960 2362 1024 2424 fixo

160 2470 235 2535 AEre
250 2468 443 2553 legebantur,
459 2490 520 2533 nec
535 2468 669 2550 supplex
684 2468 774 2531 turba
789 2466 942 2531 timebant

160 2573 282 2639 Iudicis
297 2596 351 2637 ora
367 2574 424 2652 sui,
441 2575 497 2637 sed
512 2583 607 2649 erant
617 2573 684 2635 sine
696 2573 803 2658 judice
820 2573 888 2636 tuti.

160 2680 311 2745 Nondum
328 2700 409 2743 caesa
424 2678 497 2757 suis,
514 2678 713 2761 peregrinum
728 2688 764 2740 ut
780 2678 891 2741 viseret
905 2677 1023 2755 orbern,

160 2785 333 2862 Montibus,
349 2784 386 2847 in
398 2784 530 2868 liquidas
545 2784 638 2865 pinus
654 2784 862 2847 descenderat
877 2784 988 2859 undas,

159 2889 317 2971 Nullaque
333 2888 488 2967 mortales,
504 2898 617 2969 praeter
632 2910 699 2965 sua,
715 2887 819 2951 littora
834 2889 957 2950 norant.

159 2994 311 3059 Nondum
327 2993 501 3076 praecipites
517 2992 687 3075 cingebant
702 2992 819 3075 oppida
834 2992 945 3054 fossae:

159 3100 192 3165 N
193 3121 235 3163 on
250 3098 327 3163 tuba
340 3098 461 3177 directi,
478 3120 542 3162 non
558 3098 627 3161 aeris
641 3119 760 3162 cornua
776 3097 857 3174 flexi,

159 3205 234 3270 Nou
250 3204 359 3288 galeae,
376 3226 440 3268 non
456 3204 548 3282 ensis,
565 3213 665 3267 erant.
712 3204 789 3266 Sine
804 3200 908 3263 militis
924 3221 982 3262 usu

159 3309 270 3374 Mollia
285 3330 402 3372 securae
418 3309 610 3390 peragebant
624 3309 688 3372 otia
703 3317 824 3389 gentes.
1117 3307 1177 3369 100

159 3416 232 3498 Ipsa
247 3434 371 3497 quoque
387 3412 543 3489 immunia,
560 3422 719 3493 rastroque
735 3411 863 3487 intacta,
879 3430 940 3473 nec
956 3407 1026 3471 ullis

161 3520 278 3585 Saucia
292 3517 478 3593 vomeribus,
494 3537 549 3598 per
565 3538 598 3578 se
614 3516 709 3578 dabat
724 3515 830 3577 omnia
844 3513 955 3577 tellus:

162 3625 372 3706 Contentique
389 3622 475 3699 cibis,
492 3620 577 3684 nullo
592 3630 736 3702 cogente,
753 3619 874 3695 creatis,

164 3728 321 3793 Arbuteos
336 3727 440 3803 foetus,
456 3734 667 3805 montanaque
684 3723 771 3805 fraga
785 3721 942 3803 legebant,
