2567 4209
560 323 659 373 nourr
681 323 703 372 1.
1004 287 1009 298 ’
1104 329 1144 391 η

119 491 282 576 lndejeota
295 492 389 571 malo,
404 491 530 556 culmen
546 504 652 557 tamen
667 492 758 557 altior
772 490 865 577 hujus

119 596 216 661 Unda
230 597 319 680 tegit,
336 618 511 679 pressaeque
526 598 633 661 labant
647 598 706 661 suh
720 598 843 679 gurgite
860 607 969 660 turres.
1076 596 1143 663 29⁰

164 698 296 784 Jamque
312 723 396 765 mare
411 713 445 763 et
460 701 550 765 tellus
566 700 686 763 nullum
701 702 869 765 discrimen
884 700 1062 765 habehant:

119 806 238 869 Omnia
253 817 367 888 pontus
379 816 473 869 erant
483 808 647 883 3-deerant
661 826 786 888 quoque
801 805 904 869 littora
918 814 1028 887 ponto.

118 909 266 992 Occupat
280 910 332 973 hic
347 910 476 973 collem:
502 910 616 993 cymba
630 912 721 973 sedet
734 910 813 973 ulter
826 909 962 986 adunci,

119 1012 162 1076 Et
176 1015 264 1078 ducit
279 1036 379 1077 remos
394 1014 467 1093 illic,
484 1016 536 1077 uhi
552 1036 653 1097 nuper
668 1016 779 1079 arhrat.
803 1068 807 1072 ,

109 1117 176 1184 'Ille
193 1129 285 1201 super
300 1130 421 1201 segetes
436 1133 491 1183 aut
505 1142 615 1183 mersae
631 1120 768 1183 culmina
784 1118 864 1183 villae

118 1222 273 1306 Navigat:
298 1224 350 1288 hic
365 1225 487 1287 summe
501 1225 619 1307 piscem
634 1224 802 1306 deprendit
815 1225 849 1288 in
864 1224 961 1289 ulmo.

117 1320 238 1411 Figitur
253 1329 285 1391 in
302 1328 401 1407 viridi,
418 1329 443 1391 ai
458 1329 520 1391 sors
535 1329 617 1405 tulit,
632 1328 771 1391 anchora
785 1339 896 1410 prato;

117 1434 186 1497 Aut
201 1434 340 1519 subjecta
355 1424 460 1496 terunt
474 1455 577 1497 curvae
593 1433 699 1496 vineta
713 1434 839 1497 carinoe.

118 1538 172 1615 Et,
188 1538 282 1601 modo
298 1540 361 1620 qua
375 1538 505 1621 graciles
519 1559 649 1621 gramen
664 1540 807 1621 carpsere
824 1539 965 1621 capella,

72 1706 74 1709 .
116 1644 151 1707 N
153 1665 216 1707 unc
231 1644 272 1707 ibi
288 1642 443 1708 deformes
458 1653 581 1725 ponunt
595 1666 652 1707 sua
667 1664 797 1726 corpora
812 1644 934 1727 phocas.

116 1748 273 1813 Mirantur
288 1750 345 1813 sub
359 1751 443 1832 aquh
457 1750 543 1813 lucos
558 1750 713 1831 urbesque
728 1751 900 1832 domosque

117 1854 284 1933 Nereides,
301 1853 455 1936 silvasque
468 1866 579 1917 tenent
594 1854 769 1935 delphines,
785 1864 819 1917 et
832 1855 902 1919 altis

117 1960 285 2023 lncursant
299 1960 401 2035 ramis,
417 1959 595 2040 agitataque
610 1959 721 2020 robora
735 1958 871 2039 pulsant.

118 2063 185 2128 Nat
200 2064 292 2146 lupus
308 2064 389 2126 inter
404 2084 497 2141 oves3
521 2062 621 2127 fulvos
636 2063 722 2125 vehit
736 2062 823 2125 unda
837 2062 964 2142 leones3

117 2158 214 2234 Unda
229 2168 315 2233 vehit
331 2168 443 2251 tigres;
467 2190 527 2231 nec
542 2168 622 2231 vires
638 2167 776 2231 fulminis
790 2188 876 2251 apro,

116 2272 217 2337 Crura
232 2296 292 2339 neo
306 2274 410 2338 ablato
426 2284 556 2363 prosunt
572 2273 691 2337 velocia
704 2294 809 2337 cervo.

118 2379 332 2463 Quaesitisque
348 2379 402 2443 diu
419 2379 516 2456 terrie,
533 2379 585 2441 ubi
602 2379 704 2443 sidere
719 2382 822 2458 detur,

118 2484 157 2549 lu
171 2506 256 2547 mare
271 2485 391 2548 lassatis
406 2484 539 2547 volucris
555 2502 634 2567 vaga
649 2486 768 2549 decidit
781 2485 838 2549 alis

117 2588 274 2653 Obruerat
290 2589 424 2653 tumulos
439 2590 591 2652 immensa
605 2590 731 2653 licentia
746 2592 843 2672 ponti,

118 2694 349 2778 Pulsahantque
365 2695 444 2757 novi·
453 2704 603 2757 montana
616 2696 784 2758 cacumina
797 2696 924 2759 fluctus.

119 2797 259 2863 Maxima
274 2820 344 2882 pars
359 2800 452 2863 undh'
461 2800 594 2883 rapitur:
620 2800 733 2883 quibus
748 2801 835 2865 unda
849 2802 1001 2884 pepercit,
1117 2860 1121 2863 .

118 2904 191 2968 lllos
206 2903 299 2987 longa
314 2906 445 2979 domant
459 2904 545 2987 inopi
558 2906 677 2991 jejunia
693 2907 788 2969 victu.
832 2916 835 2922 '

164 3010 296 3091 Separat
311 3009 565 3073 Aonios'Aotaeis
581 3010 695 3074 Phocis
709 3011 750 3074 ab
765 3011 857 3089 arvis,

118 3114 217 3178 Terra
232 3113 327 3191 ferax,
344 3114 420 3177 dum
435 3125 517 3176 terra
532 3113 609 3192 fuit3
634 3116 689 3177 sed
705 3126 846 3196 tempore
861 3116 894 3179 iri
908 3116 963 3181 illo
980 3092 997 3135 ‘⁴

117 3219 193 3283 Pars
208 3218 311 3296 maris,
328 3229 361 3281 et
375 3218 456 3281 latus
472 3217 642 3280 subitarum
658 3238 789 3301 campus
804 3240 966 3301 aquarum.
1072 3226 1139 3289 315

117 3322 212 3387 Mons
227 3322 270 3386 ibi
286 3322 451 3387 verticibus
467 3322 545 3405 petit
560 3323 675 3386 arduus
690 3334 773 3387 astra
788 3325 921 3405 duobus,

117 3427 254 3492 Nomine
270 3427 449 3505 Parnassus,
466 3438 653 3509 superatque
669 3430 833 3495 cacumine
849 3432 960 3495 nuber.

107 3530 181 3603 ,ch
196 3532 249 3595 ubi
265 3530 437 3595 Deucalion
458 3532 546 3621 (nam
561 3544 666 3597 cetera
681 3544 801 3598 texerat
816 3536 939 3622 aequor)

115 3634 198 3701 Cum
214 3648 358 3701 consorte
374 3637 432 3699 tori
448 3638 545 3728 parva
560 3633 625 3701 rate
641 3649 751 3703 vectus
764 3640 909 3717 adhoesit,

384 3745 435 3809 2*
