2567 4209
537 322 635 372 BOOK
657 323 703 373 lv.

150 602 311 668 'omnus
335 626 401 667 rm>
425 626 596 673 araurem:
623 624 779 666 cumcun
802 620 843 664 no
869 618 1045 662 sumanus.

548 798 577 841 v.
606 780 681 841 562.

80 928 203 995 Nescit
222 931 425 1016 Agenorides
441 945 546 998 natam
562 953 756 1017 parvumque
772 940 919 1015 nepotem

15 1040 16 1045 ’
77 1034 245 1118 AEquoris
263 1060 332 1101 esse
348 1040 435 1102 deos.
481 1039 585 1103 Luctu
602 1039 742 1121 serieque
758 1036 911 1101 malorum

77 1139 215 1220 Victus,
234 1152 271 1205 et
287 1145 426 1222 ostentis,
443 1165 514 1227 quae
530 1144 664 1226 plurima
680 1145 810 1221 viderat,
826 1144 890 1206 exit
1062 1141 1127 1202 225

77 1244 252 1311 Conditor
269 1250 345 1313 urbe
361 1251 427 1327 sud,
445 1261 593 1333 tanquam
610 1250 735 1313 fortuna
750 1249 900 1328 locorum,

81 1350 165 1414 Non
183 1373 248 1416 sua
264 1376 298 1417 se
315 1366 490 1436 premeret·;
514 1354 676 1437 longisque
693 1353 844 1417 erratibus
859 1363 948 1417 actus

80 1454 238 1539 Contigit
255 1458 396 1543 Illyricos
412 1461 544 1543 profugi
559 1482 631 1524 cum
650 1460 785 1544 conjuge
801 1459 889 1522 fines.

81 1558 231 1645 Jamque
251 1564 340 1627 malis
355 1566 507 1647 annisque
522 1587 642 1649 graves,
659 1567 736 1629 dum
751 1565 851 1648 prima
865 1573 1034 1627 retractant

80 1664 168 1730 Fata
186 1670 316 1748 domris,
333 1670 536 1753 releguntque
552 1692 625 1734 suos
640 1692 784 1734 sermone
800 1669 940 1747 labores3
977 1734 983 1740 ,
1060 1672 1127 1733 230

84 1772 204 1836 ‘Num
222 1796 312 1838 sacer
327 1775 377 1838 ille
394 1776 464 1838 med
479 1777 626 1861 trajectus
642 1776 773 1858 cuspide
788 1775 937 1857 serpens,’

13 1920 14 1925 η
84 1875 241 1942 Cadmus
256 1880 310 1958 ait,
327 1880 459 1958 ‘fuerit;
483 1890 561 1958 tum,
578 1882 650 1943 crim
667 1882 787 1944 Sidone
803 1880 962 1962 profectus

87 1981 253 2064 Vipereos
268 1986 364 2067 sparsi
380 2007 435 2069 per
450 1985 592 2063 humum,
608 2008 691 2048 nova
706 1986 834 2061 semina,
851 1986 985 2048 dentes?

90 2086 208 2156 Quem
225 2090 251 2153 si
266 2112 341 2154 cura
356 2092 450 2154 derim
466 2102 531 2153 tam
547 2091 633 2154 certia
648 2090 787 2153 vindieat
802 2090 857 2167 ira,

89 2192 178 2274 lpse,
197 2216 318 2278 precor,
335 2216 463 2277 serpens
479 2196 511 2259 in
528 2197 654 2279 longam
670 2196 809 2279 porrigar
825 2195 952 2259 alvum?
1059 2198 1124 2259 235

90 2294 204 2365 Dixit:
231 2311 273 2379 et,
291 2311 325 2363 ut
340 2324 477 2384 serpens,
494 2304 526 2365 in
542 2302 668 2386 longam
685 2302 824 2366 tenditur
838 2300 953 2380 alvum,

90 2400 291 2488 Durataeque
307 2407 371 2471 euti
387 2429 530 2490 squamas
545 2409 718 2472 increscere
734 2408 838 2485 sentit,

94 2507 262 2595 Nigraque
277 2513 417 2577 ceruleis
433 2514 541 2577 variari
557 2534 688 2597 corpora
702 2515 816 2597 guttis:

94 2612 135 2676 In
152 2628 325 2701 pectusque
341 2619 427 2681 cadit
441 2639 568 2701 pronus,
585 2619 812 2700 commissaque
829 2619 861 2680 in
877 2638 975 2680 unum

96 2722 255 2788 Paulatim
270 2727 360 2790 tereti
376 2727 540 2790 sinuantur
555 2726 701 2791 acumine
716 2708 816 2790 crura.
1058 2731 1125 2791 240

96 2826 234 2895 Brachia
244 2832 310 2917 jam
325 2842 459 2896 restant:
485 2854 555 2915 quae
571 2842 699 2910 restant,
715 2832 843 2895 brachia
858 2832 979 2912 tendit3

98 2932 152 3013 Et,
169 2937 313 3020 lacrymis
328 2960 384 3021 per
398 2939 504 3002 adhuc
520 2940 657 3003 humana
672 2939 839 3001 fluentibus
855 2960 919 3016 ora,

100 3040 260 3121 ‘Accede,
277 3065 296 3106 o
312 3045 436 3129 conjux,
452 3046 580 3122 accede,
596 3044 777 3122 miserrima,
805 3044 894 3122 dixit,

101 3145 269 3231 ‘Dumque
285 3149 401 3232 aliquid
418 3159 559 3232 superest
574 3149 614 3211 de
630 3170 692 3225 me,
708 3169 759 3211 me
775 3159 880 3230 tange,
896 3168 1087 3231 manumque

101 3250 232 3335 Accipe,
245 3255 320 3317 dum
336 3276 448 3317 manus
463 3265 530 3333 est3
554 3255 630 3317 dum
647 3275 710 3316 non
727 3264 826 3316 totum
843 3264 977 3335 occupat
991 3253 1123 3337 anguis?

102 3354 157 3421 llle
173 3359 300 3441 quidem
316 3358 382 3422 vult
397 3359 486 3441 plura
500 3359 595 3443 loqui,
612 3359 668 3421 sed
685 3358 792 3442 lingua
807 3359 936 3441 repente
1059 3360 1125 3423 246

103 3460 140 3525 In
156 3476 258 3546 partes
273 3474 321 3527 est
336 3464 408 3527 fissa
423 3465 511 3527 duas.
559 3463 629 3527 Nec
645 3464 739 3527 verba
754 3464 872 3527 volenti

106 3568 292 3634 Sufficiunt:
316 3570 499 3651 quotiesque
514 3568 634 3651 aliquos
650 3579 739 3651 parat
752 3570 846 3632 edere
862 3579 1000 3650 questus,

60 3721 68 3741 .
106 3672 233 3739 Sibilat:
259 3673 342 3737 hane
357 3674 400 3738 illi
416 3694 525 3737 vocem
542 3673 665 3737 Natura
680 3674 834 3756 relinquit.
