2567 4209
179 310 243 373 130
453 304 573 353 OVlD'S
595 303 927 354 METAMORPHOSES.

176 474 247 539 Nec
262 474 365 539 lacere
381 484 431 538 est
443 475 512 539 isti:
536 487 751 558 quantumque
767 498 829 559 ego
845 476 949 539 Marte
966 475 1079 553 feroci,
1171 482 1205 540 ll
1269 506 1270 555 4

176 580 342 650 Quantum
357 580 425 643 acie
440 580 539 659 salec,
556 591 678 644 tanturn
695 581 776 645 valet
792 582 849 645 iste
866 582 1042 664 loquendo.

176 685 248 750 Nec
262 687 467 749 memoranda
482 697 588 749 tamen
604 686 691 750 vobis
706 708 778 750 mea
793 687 886 764 sacta,
903 686 1043 769 Pelasgi,

176 790 254 854 Esse
269 812 357 855 reor:
383 790 501 855 vidistis
515 792 611 855 enim.
660 793 725 855 Sua
740 803 844 855 narret
859 792 1002 877 Ulysses,

176 896 259 966 Quae
275 896 343 959 sine
358 906 438 959 teste
453 896 542 979 gerit,
559 918 692 979 quorum
708 920 769 960 nox
786 899 912 961 conseia
928 897 995 960 sola
1011 906 1074 960 est.
1174 902 1207 961 15

219 1000 351 1064 Praemia
366 1022 481 1084 magna
495 1001 559 1085 peti
576 1001 692 1065 fateor:
718 1003 774 1065 sed
790 1002 888 1065 dernit
905 1002 1065 1067 bonorem

175 1104 330 1169 AEmulus.
377 1104 467 1191 Ajaci
482 1128 547 1170 non
562 1119 610 1170 est
625 1108 762 1171 tenuisse
779 1107 958 1189 superbum,

176 1211 225 1275 Sit
239 1210 314 1275 lio'et
329 1210 389 1275 hoc
405 1211 526 1295 ingens,
542 1212 693 1295 quidquid
710 1213 845 1296 speravit
859 1212 1000 1296 Ulysses.

174 1315 238 1381 Iste
254 1315 324 1379 tulit
339 1318 473 1399 pretium
485 1318 550 1403 jam
566 1339 653 1383 nunc
668 1318 846 1381 certaminis
862 1318 974 1403 liujus;

175 1421 339 1491 Quocum
355 1423 454 1487 victus
469 1422 537 1502 erit,
553 1444 679 1488 mecum
695 1424 832 1488 certlsse
848 1424 973 1485 feretur.

219 1528 324 1611 Atque
340 1550 410 1611 ego,
427 1529 452 1591 si
468 1529 564 1592 virtus
580 1528 612 1591 in
629 1549 679 1591 rue
695 1529 874 1593 dubitabilis
890 1540 983 1607 esset,

175 1632 347 1698 Nobilitate
364 1644 475 1715 potens
490 1655 603 1713 essem,
619 1634 793 1699 Telamone
810 1644 942 1711 creatuS,

174 1736 296 1801 Moenia
310 1738 363 1824 qui
379 1737 450 1800 lorti
466 1738 606 1824 Trojano
620 1740 679 1803 sub
694 1739 832 1803 Hercule
849 1740 951 1822 cepit:

174 1841 343 1926 Litoraque
359 1843 483 1907 intravit
498 1845 648 1927 Pagasaea
663 1845 781 1908 Colcha
797 1846 911 1909 carina.

175 1948 292 2013 AEacus
307 1949 382 2014 huic
396 1961 485 2035 pater
499 1960 557 2028 est,
573 1951 626 2034 qui
638 1952 709 2036 jura
725 1950 886 2014 silentibus
902 1950 966 2015 illic

175 2054 304 2134 Reddit,
322 2056 374 2119 ubi
391 2055 537 2119 AEoliden
553 2076 663 2119 saxum
678 2077 772 2139 grave
790 2056 946 2140 Sisyphon
964 2066 1071 2139 urget.

175 2159 297 2224 AEacon
312 2160 454 2243 agnoscit
468 2182 619 2238 summae,
636 2160 817 2243 prolemque
835 2162 947 2224 latetur

174 2263 296 2347 Jupiter
310 2286 379 2327 esse
394 2286 493 2329 suam.
541 2266 596 2329 Sic
610 2266 651 2329 ab
666 2265 745 2329 Jove
762 2268 869 2331 tertius
886 2267 977 2352 Ajax.

175 2370 246 2433 Nec
262 2380 366 2432 umen
383 2369 452 2433 haec
468 2371 562 2435 series
578 2374 610 2435 in
626 2373 722 2437 causa
737 2373 844 2456 prosit,
861 2372 984 2451 Achivi,

176 2474 212 2537 Si
227 2473 304 2537 milri
318 2490 523 2559 cummagno
538 2498 602 2540 non
618 2487 666 2541 est
681 2479 856 2542 communis
873 2478 1007 2541 Achille.

175 2578 283 2644 Frater
297 2591 381 2659 erat3
406 2581 540 2646 fraterna
555 2594 638 2665 peto.
688 2584 777 2653 Quid
793 2583 944 2667 sanguine
960 2594 1068 2647 cretus

176 2686 333 2769 Sisyphio,
350 2687 510 2771 furtisque,
525 2700 558 2751 et
573 2688 682 2751 fraude
699 2688 870 2752 simillimus
886 2688 939 2767 illi,

175 2790 286 2882 Inserit
302 2791 440 2856 AEacidis
455 2793 565 2856 alienae
582 2794 711 2857 nomina
724 2795 848 2877 gentis?

219 2894 272 2957 An
288 2895 371 2979 qudd
388 2896 420 2960 in
436 2919 521 2961 arma
536 2900 629 2980 prior,
645 2900 792 2983 nulloque
809 2899 866 2962 sub
882 2899 985 2963 indice
1002 2900 1090 2979 veni,

175 2999 273 3064 Anna
288 3003 434 3084 neganda
448 3002 545 3066 mihi?
569 3005 733 3087 potiorque
750 3005 905 3069 videbitur
918 3004 980 3083 ille,
1160 3012 1200 3073 35

175 3104 293 3171 Ultima
308 3107 361 3190 qui
376 3109 470 3191 cepit,
486 3109 731 3191 detrectavitque
748 3111 850 3173 furore

175 3209 321 3274 Militiam
337 3213 429 3277 ficto:
455 3216 558 3278 donec
572 3214 712 3278 solertior
728 3216 796 3292 isto,

176 3313 241 3377 Sed
257 3314 314 3377 sibi
330 3316 476 3395 inutilior,
493 3319 593 3382 timidi
609 3330 788 3383 commenta
803 3320 915 3383 retexit

174 3416 368 3499 Naupliades
383 3421 489 3497 animi,
506 3423 662 3504 vitataque
679 3425 771 3485 traxit
785 3425 817 3486 in
833 3428 940 3488 anna?

173 3522 304 3599 Optima
320 3542 403 3583 nunc
419 3533 530 3598 sumat,
546 3526 599 3604 qui
614 3547 737 3587 sumere
754 3527 854 3589 noluit
870 3527 949 3591 ulla:
1156 3540 1194 3597 40

174 3622 242 3684 Nos
259 3619 443 3698 inhonorati,
459 3633 492 3684 et
506 3624 598 3686 donis
613 3627 803 3707 patruelibus
819 3631 896 3707 orbi,

173 3720 352 3784 Obtulimus
366 3724 419 3803 qui
435 3745 492 3784 nos
507 3726 549 3787 ad
565 3726 664 3807 prima
679 3731 827 3822 pericula,
844 3732 949 3794 simus.v

174 3822 280 3903 Atque
295 3824 413 3888 utinam
428 3836 483 3889 eut
498 3847 589 3890 verus
604 3829 689 3891 furor
704 3829 766 3907 ille,
782 3843 837 3894 aut
852 3835 998 3913 creditus,
1015 3850 1123 3920 esset;
