2567 4209
500 328 598 378 BOOK
620 328 696 379 xm.

34 494 197 561 Ulcisci
214 498 341 576 statuit3
365 520 530 582 poenaeque
544 500 576 562 in
593 501 729 584 imagine
744 510 811 566 tota
825 512 883 569 est.

39 599 184 685 thue
204 603 278 667 furit
291 603 397 667 catulo
411 603 546 668 lactente
561 606 671 670 orbata
686 606 795 685 leaeua,

43 707 243 790 Signaque
258 718 351 772 nacta
365 710 492 791 pedum,
505 711 653 792 sequitur,
666 732 759 793 quern
775 733 838 774 non
855 712 950 792 videt,
962 713 1104 794 hostem3

47 812 125 876 Sic
143 811 297 892 Hecube,
313 824 478 897 postquam
493 836 565 878 cum
580 815 668 879 luctu
682 816 807 879 miscuit
822 816 908 896 iram,
1039 821 1105 884 546

50 917 98 980 N
100 940 150 981 on
169 918 269 983 oblita
283 920 467 998 animorum,
482 942 637 984 annorum
653 921 749 985 oblita
763 942 900 1001 suorum,

51 1023 175 1087 Vadit
191 1025 233 1087 ad
249 1025 399 1088 artificem
415 1024 491 1088 dirae
508 1025 721 1110 Polymestore
736 1028 842 1105 oaedis,

54 1128 340 1212 colloquiumque
357 1131 452 1213 petit:
478 1152 552 1194 nam
567 1153 601 1194 se
616 1143 788 1196 monstrare
804 1134 946 1197 relictum

58 1234 167 1297 Velle
185 1235 286 1298 latens
301 1235 355 1313 illi,
371 1237 456 1318 quod
472 1246 547 1299 neto
562 1238 716 1315 redderet,
733 1258 853 1301 aurum.
1037 1243 1105 1305 550

60 1339 222 1403 Credidit
237 1340 400 1425 Odrysius,
416 1342 595 1423 praedoeque
609 1343 758 1405 adsuetus
773 1362 889 1421 amore,

63 1445 112 1509 In
128 1458 253 1509 secreta
268 1446 370 1509 venit:
396 1468 468 1509 cum
484 1446 599 1509 blando
614 1446 745 1511 callidus
761 1468 824 1525 ore,

66 1550 188 1614 ‘Tolle
204 1572 316 1629 moras,
333 1550 487 1629 Hecube,’
504 1551 599 1615 dixit:
626 1553 686 1615 ‘da
701 1573 830 1616 munera
846 1564 930 1617 nato.

69 1655 184 1719 Omne
200 1655 265 1719 fore
282 1655 362 1719 illius
377 1658 462 1738 quod
476 1657 543 1734 das,
560 1658 644 1739 quod
660 1668 692 1721 et
707 1658 780 1721 ante
798 1658 922 1738 dedisti,

70 1760 139 1823 Per
153 1782 281 1844 superos
292 1762 384 1847 juro.’
431 1762 562 1844 Spectat
577 1763 754 1825 truculenta
768 1762 958 1846 loquentem,
1035 1766 1101 1831 555

74 1865 231 1948 Falsaque
244 1868 418 1952 jurantem:
443 1866 624 1948 tumideque
641 1877 792 1930 exaestuat
807 1868 872 1945 ird3

76 1972 184 2054 Atque
199 1972 243 2035 ita
257 1983 434 2055 correptum
448 1971 642 2054 captivarum
658 1971 782 2053 agmine
797 1982 931 2034 matrum

77 2077 210 2155 lnvolat,
225 2088 258 2140 et
272 2077 386 2159 digitos
401 2076 434 2139 in
449 2076 570 2159 perlida
585 2074 702 2138 lumina
717 2076 835 2154 condit,

80 2186 299 2269 Exspoliatque
314 2206 412 2269 genas
427 2184 535 2262 oculis,
554 2184 645 2273 (facit
660 2184 704 2247 ira
719 2183 890 2273 valentem)

79 2292 297 2374 immergitque
314 2312 441 2353 manus:
468 2290 646 2373 soedataque
662 2290 812 2373 sanguine
828 2289 909 2354 sonti
1033 2291 1100 2355 560

82 2396 155 2460 Non
169 2395 284 2474 lumen,
300 2416 401 2478 neque
417 2396 501 2458 enirn
516 2405 668 2477 superest,
684 2372 754 2459 loesi
768 2395 892 2459 luminis
908 2394 1019 2462 haurit.

126 2501 218 2565 Clade
234 2486 282 2564 sui
296 2502 454 2564 Thracum
470 2521 548 2582 gens
564 2500 681 2563 irritata
697 2501 820 2584 tyranni

81 2608 201 2671 Troada
216 2606 347 2669 telorum
361 2604 563 2687 lapidumque
579 2605 732 2668 incessere
745 2605 832 2690 jactu

84 2712 191 2795 Coepit
235 2711 280 2774 At
294 2710 365 2775 haec
378 2710 506 2773 missum
523 2730 617 2773 rauoo
632 2730 705 2772 eum
721 2730 877 2773 murmure
892 2730 1002 2775 saxum

85 2817 231 2881 Morsibus
246 2816 434 2898 insequitur:
459 2815 600 2897 rictuque
616 2814 648 2877 iu
664 2814 758 2879 verbe
774 2824 882 2896 pareto
1030 2818 1097 2883 565

87 2922 223 3000 Leuant,
238 2930 356 2985 conata
366 2920 459 3004 loqui.
506 2913 610 2984 Locus
624 2930 737 2998 exstet,
753 2931 786 2983 et
800 2940 840 2983 ex
854 2940 888 2984 re

89 3028 202 3093 Nomen
218 3026 329 3090 habet:
354 3036 556 3106 veterumque
571 3026 625 3087 diu
639 3046 760 3089 memor
775 3024 827 3089 illa
841 3025 1004 3105 melorum,

88 3135 165 3198 Tum
178 3132 298 3216 quoque
314 3130 474 3194 Sithonios
490 3130 619 3192 ululavit
633 3140 744 3192 moesta
760 3150 815 3211 per
828 3151 930 3212 agros.

90 3239 165 3304 lllios
177 3238 335 3319 Troasque
350 3256 434 3313 suos,
452 3234 617 3315 hostesque
633 3232 790 3315 Pelasgos,

91 3344 165 3409 lllius
178 3343 297 3406 lortuna
312 3342 388 3405 deos
403 3340 528 3421 quoque
544 3349 683 3402 moverat
697 3359 824 3402 omnes:
845 3372 852 3387 ·
1028 3344 1095 3407 570

92 3450 141 3514 Sio
152 3468 263 3524 omnes,
280 3456 315 3509 ut
328 3456 362 3509 et
375 3445 442 3528 ipsa
458 3442 544 3507 Jovis
559 3444 734 3529 conjuxque
751 3464 898 3526 sororque

93 3556 214 3622 Eventus
229 3551 394 3616 Hecubam
409 3550 558 3615 meruisse
574 3550 733 3630 negaverit
748 3550 825 3613 illos.
