2567 4209
525 322 624 372 BOOK
648 321 719 372 XIV.

97 492 256 579 Contigit
271 516 316 574 os,
333 494 468 577 fecitque
483 494 596 558 deum:
621 514 716 577 quem
732 492 822 557 turba
837 492 964 563 Quirini

102 598 292 683 Nuncupat
306 600 492 683 Indigetem,
508 599 687 683 temploque
703 599 824 681 arisque
840 600 967 684 recepit.

462 870 531 911 aaa
556 870 662 912 suasu
687 844 793 912 nunus.

159 1020 241 1086 Inde
256 1022 314 1086 sub
330 1022 457 1088 Ascanii
472 1024 590 1087 ditione
604 1023 772 1088 binominis
788 1024 879 1104 Alba,

107 1127 244 1210 Resque
260 1129 375 1192 Latina
390 1129 466 1193 fuit:
490 1130 631 1193 succedit
647 1130 761 1195 Silvius
776 1129 819 1194 illi
832 1154 840 1195 :

110 1232 196 1301 Quo
210 1245 305 1312 satus,
320 1235 451 1316 antiquo
464 1235 565 1298 tenuit
580 1235 712 1317 repetita
727 1236 858 1300 Latinus
1078 1242 1140 1302 100

111 1337 257 1401 Nomina
271 1360 343 1402 cum
359 1351 490 1422 sceptro.
536 1338 663 1403 Clarum
679 1339 761 1403 subit
776 1339 858 1404 Alba
873 1341 1039 1406 Latinum:

113 1442 227 1526 Epitos
242 1464 280 1505 ex
295 1443 348 1508 illo
363 1455 427 1508 est:
453 1454 523 1527 post
539 1444 624 1508 hunc
638 1444 849 1530 Capetusque,
865 1445 1049 1530 Capysque;

114 1548 185 1611 Sed
200 1547 305 1632 Capys
317 1549 390 1613 ante
407 1549 477 1613 fuit.
523 1549 670 1633 Regnum
686 1550 853 1615 Tiberinus
868 1550 908 1614 ab
922 1551 981 1616 illis

113 1652 228 1736 Cepit3
252 1665 284 1717 et
299 1654 331 1717 in
347 1654 444 1718 Tusci
460 1656 620 1718 demersus
635 1656 771 1719 fluminis
787 1657 880 1720 undis

115 1758 151 1822 N
152 1759 255 1822 omina
270 1759 344 1823 fecit
358 1781 458 1842 aquae.
504 1759 554 1823 De
569 1782 632 1842 quo
648 1761 862 1844 Remulusque
878 1760 1026 1847 feroxque
1076 1764 1139 1828 105

116 1864 235 1927 Acrota
249 1874 322 1927 sunt
336 1864 451 1947 geniti:
477 1865 629 1927 Remulus
645 1866 793 1928 maturior
807 1866 897 1929 annis

117 1968 280 2033 Fulmineo
295 1970 396 2051 periit,
411 1970 547 2033 imitator
562 1968 710 2046 fulminis,
726 1970 801 2033 ictu.

118 2074 223 2137 Fratre
239 2096 295 2137 suo
310 2085 468 2157 sceptrum
483 2074 672 2137 moderatior
688 2073 805 2138 Acrota
820 2074 892 2139 forti
990 2088 992 2093 '

118 2179 228 2242 Tradit
243 2179 417 2243 Aventino:
443 2179 496 2261 qui
511 2200 574 2261 quo
589 2179 743 2261 regnarat,
759 2181 872 2243 eodem

119 2282 229 2347 Monte
241 2285 325 2369 jacet
340 2286 468 2367 positae,
483 2285 652 2369 tribuitque
667 2285 819 2350 vocabula
834 2286 944 2350 monti.
1076 2292 1139 2352 110

163 2388 293 2473 Jamque
309 2390 457 2453 Palatinae
473 2412 625 2454 summam
642 2390 741 2455 Proca
755 2392 857 2475 gentis
872 2390 1017 2457 habebat.

121 2494 207 2577 Rege
223 2495 280 2557 sub
296 2495 356 2558 boc
371 2494 511 2558 Pomona
525 2494 599 2558 fuit:
624 2495 687 2577 quai
702 2495 786 2559 nulla
800 2496 928 2559 Latinas

121 2599 204 2663 Inter
218 2598 456 2683 Hamadryadas
471 2598 566 2662 coluit
581 2600 731 2662 sollertius
747 2600 862 2679 hortos,

123 2704 191 2768 Nec
205 2704 263 2768 fuit
278 2704 397 2768 arborei
413 2704 578 2766 studiosior
592 2703 690 2767 altera
707 2704 804 2769 settis:

122 2811 212 2875 Unde
228 2820 314 2873 tenet
329 2830 454 2873 nomen.
500 2808 575 2872 Non
591 2808 682 2872 silvas
696 2808 757 2887 illa,
774 2832 834 2875 uec
848 2832 967 2891 amnes,
1076 2816 1138 2877 115

123 2916 187 2979 Rus
201 2924 295 2991 amat,
311 2924 344 2977 et
357 2936 469 2992 muros,
485 2914 588 2977 felicia
602 2936 696 2997 poma
711 2915 856 2980 serentes.

123 3019 190 3083 Nec
200 3019 305 3105 jaculo
319 3019 419 3101 gravis
434 3029 492 3097 est,
508 3020 563 3082 sed
579 3020 705 3083 adunci
719 3021 847 3085 dextera
862 3018 959 3087 falce:

124 3125 303 3194 anamodo
318 3124 470 3187 luxuriem
486 3124 607 3206 premit,
623 3134 656 3187 et
671 3125 835 3206 spatiantia
851 3124 963 3206 passim

123 3230 249 3294 Brachia
264 3228 451 3311 compescit:
476 3228 549 3291 fissa
563 3227 658 3291 modd
674 3227 787 3292 cortice
803 3226 920 3311 virgam

123 3336 238 3413 luserit,
254 3347 286 3398 et
301 3355 411 3398 succos
425 3333 528 3398 alieno
542 3344 668 3416 praestat
683 3333 820 3398 alumno.
1077 3340 1139 3401 12⁰

124 3441 190 3505 Nec
204 3442 319 3522 patitur
333 3438 447 3502 sentire
462 3439 561 3502 sitim:
586 3438 762 3523 bibulaeque
778 3460 922 3504 recurvas

124 3546 244 3610 Redicis
260 3544 352 3607 fibras
366 3543 541 3607 labentibus
556 3544 661 3625 irrigat
676 3545 778 3608 undio.

164 3650 324 3713 Proximus
339 3648 494 3713 Ausonias
509 3648 614 3732 injusti
629 3648 718 3711 miles
734 3647 840 3711 Amuli

125 3756 214 3819 Rexit
227 3774 320 3836 opes:
345 3752 553 3836 Numitorque
568 3772 664 3815 senex
679 3752 793 3814 amissa
807 3758 959 3830 nepotum
