2567 4209
528 316 626 367 soor
649 316 707 367 xv.
1066 320 1129 385 159

76 482 290 566 Imponique
306 506 371 547 suae
387 486 473 551 videt
487 487 568 551 inter
582 508 700 553 oornua
714 485 818 564 fronti,

76 588 193 657 Quas
210 590 307 653 coluit
322 591 443 674 fruges:
468 613 676 677 percussaque
691 594 842 676 sanguine
858 591 975 657 cultros
1082 593 1125 655 75

76 694 207 757 Inficit
223 694 256 757 in
272 695 390 779 liquida
404 698 550 780 praevisos
565 698 693 763 forsitan
709 699 805 762 undh.

79 799 250 863 Protinus
265 813 388 884 ereptas
402 802 518 865 viventi
532 814 660 885 pectore
675 804 768 867 fibras

79 905 288 988 Inspiciunt,
304 917 485 991 mentesque
500 909 594 973 deum
610 919 786 973 scrutantur
800 908 832 971 in
847 907 916 971 illis.

81 1009 196 1073 Unde
213 1010 312 1075 t'ames
327 1012 445 1076 homini
460 1014 624 1077 vetitorum
640 1024 728 1077 tanta
743 1013 904 1077 ciborum?

83 1114 237 1177 Audetis
252 1117 346 1194 vesei,
361 1138 462 1199 genus
477 1140 497 1181 o
512 1118 662 1182 mortale?
686 1120 781 1201 quod,
798 1139 863 1196 oro,
1079 1120 1123 1183 80

85 1218 149 1281 Ne
166 1219 273 1298 facite,
289 1231 322 1284 et
336 1222 461 1285 monitis
474 1222 595 1286 animos
609 1224 760 1287 advertite
776 1222 898 1286 nostris.

85 1322 355 1405 cumque-boum
370 1326 482 1389 dabitis
496 1348 649 1391 ooesorum
664 1327 803 1391 membra
817 1326 932 1409 palato,

86 1427 254 1493 Mandere
269 1452 324 1494 vos
339 1441 457 1495 vestros
472 1433 549 1496 scite
564 1442 598 1495 et
611 1433 724 1496 sentite
740 1431 877 1496 oolonos.

143 1534 187 1596 Et
201 1536 349 1617 quoniam
365 1536 443 1600 deus
457 1559 512 1601 ora
526 1548 641 1617 movet,
657 1558 769 1621 sequar
783 1558 837 1601 ora
851 1546 1030 1603 moventem

89 1637 172 1701 Rite
190 1639 304 1719 deum;
328 1641 528 1725 Delphosque
543 1663 639 1720 meos,
655 1643 818 1726 ipsumque
834 1642 994 1706 recludam
1075 1644 1119 1706 85

92 1742 239 1822 AEthera‚
255 1757 288 1809 et
301 1757 442 1829 augustea
457 1747 599 1811 reserabo
614 1747 738 1812 oracula
753 1748 876 1811 mentis.
952 1722 961 1742 x

93 1850 227 1933 Magna,
244 1872 303 1915 nee
317 1851 451 1934 ingeniis
465 1852 635 1934 euestigata
650 1852 797 1934 priorum,

95 1956 246 2039 Quaeque
261 1957 315 2020 diu
330 1956 460 2035 latuere,
475 1978 597 2020 uanam.
643 1955 738 2020 Juvat
752 1957 796 2020 ire
811 1956 945 2039 peralta

97 2060 209 2124 Astra:
230 2063 328 2147 juvat,
345 2062 432 2125 terris
446 2072 479 2125 et
494 2062 585 2125 inerti
600 2063 675 2126 sede
691 2061 815 2140 relictis,

98 2165 193 2229 Nube
207 2167 288 2243 vehi,
304 2167 459 2249 validique
474 2167 610 2231 humeris
624 2167 765 2231 insistere
782 2166 934 2231 Atlantis:
1075 2170 1119 2231 90

98 2270 303 2354 Palantesque
318 2272 438 2335 animos
452 2272 566 2355 passim
582 2295 620 2337 ac
635 2273 762 2337 rationis
777 2282 906 2355 egentes

99 2376 288 2458 Despectare
304 2377 421 2460 procul,
437 2379 645 2462 trepidosque,
661 2378 842 2460 obitumque
858 2377 1004 2442 timentes

103 2482 156 2545 Sic
170 2482 331 2560 exhortari,
347 2483 518 2565 seriemque
533 2482 675 2546 evolvere
692 2482 756 2545 sati.

103 2586 152 2651 ‘O
166 2608 262 2671 genus
276 2587 443 2651 attonitum
458 2587 570 2669 gelidas
585 2586 751 2650 formidine
766 2587 892 2650 mortis!

104 2692 187 2763 Quid
204 2694 311 2777 Styga,
326 2692 401 2775 quid
417 2692 570 2770 tenebras,
586 2691 660 2774 quid
677 2691 805 2755 nomina
820 2712 902 2754 vana
916 2689 1042 2770 timetis,
1073 2694 1116 2757 95

105 2797 261 2861 Materiam
276 2809 393 2875 vatum,
410 2797 539 2881 salsique
554 2798 677 2881 piacula
691 2797 823 2861 mundi?

105 2902 234 2986 Corpora
248 2903 313 2966 sive
327 2924 421 2985 rogus
435 2903 571 2981 flammi,
586 2924 642 2966 seu
658 2902 730 2967 tabe
745 2912 882 2967 vetustas

107 3007 276 3085 Abstulerit,
291 3008 374 3071 mala
388 3028 479 3090 posse
494 3008 559 3089 pati
574 3029 637 3070 non
653 3007 717 3071 ulla
731 3009 856 3090 putetis.

107 3112 201 3177 Morte
214 3122 322 3177 eareat
335 3113 466 3175 animas:
491 3132 686 3195 semperque,
703 3113 804 3194 priore
817 3112 924 3177 reiicth

110 3218 193 3297 Sede,
207 3218 295 3282 novis
309 3217 451 3281 habitant
465 3216 609 3279 domibus
624 3216 794 3299 vivuntque
810 3226 956 3300 reoeptae.
1054 3221 1117 3283 100

110 3322 173 3403 Ipse
186 3344 253 3405 ego,
268 3344 342 3387 nam
356 3322 494 3400 memini,
510 3322 639 3408 Trojani
656 3332 794 3405 tempore
808 3320 882 3385 belli

111 3426 286 3491 Panthoides
302 3427 488 3510 Euphorbus
502 3448 604 3492 eram:
630 3427 681 3490 cui
697 3438 823 3510 pectore
837 3427 998 3510 quondam
1101 3448 1105 3460 ’

114 3533 191 3596 Sedit
203 3532 234 3595 in
249 3533 379 3596 adverso
392 3534 494 3615 gravis
508 3533 597 3596 hasta
611 3531 738 3596 minoris
755 3532 884 3595 Atride.

114 3637 239 3720 cognovi
253 3635 409 3721 clypeum,
425 3636 512 3699 laevae
526 3637 701 3719 gestamina
715 3646 840 3711 nostrae,

117 3741 208 3827 Nuper
222 3742 374 3807 Abanteis
390 3740 508 3825 templo
522 3739 655 3803 lunonis
669 3740 701 3801 in
718 3738 819 3819 Argis.
1055 3734 1117 3792 105
