2567 4209
171 286 214 349 96
447 283 567 333 OVlD'S
587 282 918 335 mattos-rrimus.

169 448 287 515 Fistula
301 451 475 535 disparibus
489 453 639 536 paulatim
654 453 752 535 surgit
766 453 882 519 aranu.

168 554 253 618 Turn
267 555 332 619 lino
345 556 474 635 medias,
489 568 523 621 et
537 558 615 621 ceris
628 558 735 641 alligat
749 558 836 621 imas.

168 659 273 743 Atque
288 661 333 725 ita
346 662 534 745 compositas
548 683 644 745 parvo
659 662 837 727 curvamine
852 660 964 739 flectit,

167 764 213 828 Ut
228 786 315 828 veras
330 766 489 831 imitentur
502 788 587 831 ares.
632 766 715 831 Puer
730 767 836 830 Icarus
851 767 916 831 umi

169 867 289 948 Stabat,
304 880 347 949 et,
362 871 487 954 ignarus
501 892 559 935 sua
572 892 607 935 se
622 881 754 935 tractare
769 869 895 953 pericla,

168 971 231 1035 Ore
247 975 411 1053 renidenti,
427 976 522 1039 modo
536 997 614 1059 quas
628 996 708 1057 vaga
722 984 860 1039 moverat
875 995 962 1051 aura,
1166 976 1204 1036 15

167 1075 322 1159 captabat
335 1079 466 1162 plumas,
481 1081 593 1145 flavam
608 1080 704 1145 modo
719 1078 830 1163 pollice
846 1100 950 1144 ceram

167 1182 319 1261 Mollibat,
335 1184 466 1268 lusuque
481 1206 539 1248 suo
553 1184 693 1249 mirabile
708 1184 802 1267 patris

167 1286 361 1370 Impediebat
376 1310 464 1371 opus.
510 1289 680 1372 Postquam
694 1311 806 1353 manus
820 1287 928 1352 ultima
943 1287 1060 1371 ooeptis

167 1392 316 1475 Imposita
329 1403 386 1471 est,
401 1394 542 1476 geminas
557 1394 662 1477 opifex
677 1393 798 1457 libravit
812 1393 845 1456 in
859 1392 923 1459 ulus

167 1495 237 1578 lpse
253 1518 344 1561 suum
358 1518 480 1579 corpus,
495 1500 643 1581 motaque
659 1499 810 1581 pependit
823 1498 856 1561 in
872 1497 957 1561 aurit.
1156 1498 1200 1559 20

210 1599 338 1663 Instruit
351 1610 385 1663 et
399 1611 526 1666 natum:
552 1603 740 1685 ‘Mediaque
756 1612 791 1665 ut
806 1602 903 1666 limite
917 1622 1036 1677 curras,

166 1702 273 1781 Icara,'
290 1704 343 1783 ait,
360 1713 369 1743 ‘
378 1726 509 1769 moneo:
534 1728 586 1785 ne,
602 1707 627 1769 si
642 1707 804 1771 demissior
819 1707 886 1785 ibis,

165 1806 260 1871 Unda
274 1820 382 1892 gravet
396 1830 535 1892 pennam
559 1812 585 1876 si
600 1812 719 1890 celsior,
736 1812 816 1895 ignis
831 1811 951 1877 adurat.

166 1912 251 1976 lnter
266 1924 430 1997 utrumque
446 1915 525 1978 vola.
572 1916 643 1979 Nec
659 1926 689 1979 te
705 1927 844 1999 spectare
860 1915 991 1991 Booten,

166 2017 232 2080 Ant
247 2018 381 2083 Helicen
393 2020 499 2105 jubeo,
515 2020 694 2085 strictumve
710 2020 835 2083 Orionis
851 2040 967 2083 ensem.
1152 2019 1195 2079 25
1267 2060 1268 2067 κ

166 2122 220 2184 Me
236 2124 327 2200 duna,
344 2145 437 2206 carpe
453 2124 555 2188 viam.²
602 2125 719 2188 Pariter
734 2134 892 2207 praecepta
906 2122 1032 2187 volandi

165 2224 284 2301 Tradit,
299 2236 332 2287 et
347 2227 467 2307 ignotas
483 2227 618 2291 humeris
632 2230 850 2292 accommodat
864 2229 938 2291 alas·

164 2327 250 2390 Inter
264 2349 343 2410 opus
358 2330 554 2413 monitusque
569 2353 660 2414 &11ae
676 2334 825 2399 madulre
841 2332 962 2410 seniles,
1055 2403 1060 2407 ,

165 2431 207 2493 Et
221 2431 329 2513 patriae
345 2434 499 2497 tremudre
514 2456 635 2499 manus.
682 2436 778 2499 Dedit
793 2436 899 2500 oscula
914 2445 987 2499 nato

164 2534 239 2598 Non
254 2535 365 2600 iterum
381 2540 551 2621 repetenda
565 2562 640 2603 suo:
666 2542 838 2623 pennisque
854 2541 973 2604 levatus
1147 2542 1191 2603 30

164 2640 247 2703 Ante
264 2640 357 2720 volat,
373 2643 539 2726 comitique
556 2645 663 2721 timet;
687 2644 772 2707 velut
786 2644 860 2722 ales,
875 2644 916 2707 ab
931 2642 994 2706 alto

164 2743 247 2812 Qum
263 2755 402 2809 teneram
417 2746 535 2828 prolem
550 2749 694 2830 producit
708 2748 740 2811 in
756 2753 830 2811 ae'ra
844 2749 930 2812 nido.

163 2845 374 2930 Hortaturque
389 2850 486 2931 sequi,
501 2852 728 2934 damnosasque
743 2853 845 2916 erudit
860 2863 960 2931 artes3
1087 2878 1090 2882 ·

163 2950 204 3013 Et
219 2962 322 3013 movet
337 2952 403 3033 ipse
418 2974 498 3031 suas,
515 2966 547 3019 et
562 2955 627 3018 nati
642 2956 767 3038 respicit
782 2956 855 3021 alas.

206 3055 275 3119 Hos
289 3056 411 3139 aliquis,
424 3058 555 3122 tremula
569 3061 645 3123 dum
662 3070 767 3141 captat
782 3061 935 3123 arundine
950 3059 1063 3143 pisces
1144 3064 1188 3125 35

163 3162 228 3222 Aut
244 3171 347 3241 pastor
361 3162 482 3239 baculo,
498 3164 615 3227 stivdve
630 3164 756 3227 innixus
770 3174 881 3241 arator,

163 3263 257 3340 Vidit,
274 3274 306 3326 et
321 3264 497 3346 obstupuit:
522 3268 638 3348 quique
652 3267 769 3331 aethera
784 3288 910 3349 carpere
926 3277 1065 3351 possent,

161 3366 302 3430 Credidit
316 3388 386 3431 esse
399 3370 484 3431 deos.
531 3370 572 3433 Et
583 3371 649 3454 jam
665 3370 802 3435 lunonia
817 3371 896 3435 laevt

162 3471 252 3534 Parte
270 3472 382 3537 samos
396 3471 529 3548 fuerant,
545 3472 713 3556 Delosque,
730 3476 887 3558 Parosque
903 3476 1039 3539 relictae:

162 3574 279 3638 Dextra
294 3574 474 3658 Lebynthos
488 3587 588 3654 arant,
603 3576 812 3661 foecundaque
827 3578 919 3643 melle
934 3578 1102 3664 Calymne,
1141 3585 1184 3647 40

161 3680 241 3742 Cr'nn
257 3698 333 3759 puer
348 3679 460 3741 audaci
475 3680 572 3760 ooepit
584 3682 722 3760 gaudere
739 3680 853 3757 volatu,
