2567 4209
138 337 202 400 142
413 324 534 376 OVID’S
556 314 890 373 METAMORPHOSES.

136 500 208 564 Nec
223 498 348 565 sumre
361 518 474 561 manus
489 496 619 559 infixum
634 492 771 555 educere
787 486 907 550 telum:

137 603 266 687 Expulit
280 604 346 687 ipse
361 623 472 667 cruor:
498 599 721 678 rubefactaque
738 590 891 673 sanguine
908 584 1012 649 tellus

137 708 333 791 Purpureum
350 706 439 769 viridi
452 704 563 788 genuit
578 703 619 765 de
635 700 754 780 cespite
770 697 889 770 florem,

139 813 207 883 Qui
222 813 306 895 priris
321 810 450 875 OEbalio
465 809 567 871 suerat
582 808 623 869 de
639 804 769 867 vulnere
786 810 889 863 natue.
1124 792 1196 854 395

138 917 245 981 Litora
259 915 435 980 communis
450 911 561 976 mediis
576 928 738 992 pueroque
755 907 884 986 viroque

139 1020 292 1103 Inscripta
306 1030 355 1083 est
370 1017 467 1081 soliis:
493 1016 563 1079 haec
578 1012 724 1090 nominis,
742 1011 792 1073 illa
809 1006 961 1093 querelae.

419 1284 487 1325 THE
510 1283 639 1325 omnus
665 1280 771 1321 LBAVE
795 1274 891 1318 TBOY·

141 1440 250 1506 Victor
263 1440 304 1503 ad
319 1438 501 1522 Hipsipyles
516 1436 659 1520 patriam,
675 1433 813 1515 clarique
830 1427 1003 1503 Thoantis,

142 1544 184 1609 Et
198 1554 340 1607 veterum
354 1553 450 1605 terras
465 1541 597 1605 infames
612 1541 702 1603 caede
719 1538 867 1613 virorum,

141 1647 221 1712 Vela
235 1647 299 1725 dat,
316 1655 351 1709 ut
365 1644 489 1722 reserat,
505 1645 672 1728 Tirynthia
688 1643 760 1720 tela,
777 1642 916 1723 sagittas.
1125 1638 1195 1699 400

142 1750 226 1820 Quae
242 1762 406 1834 postquam
421 1750 463 1813 ad
479 1750 602 1827 Graios,
617 1750 750 1813 domino
763 1746 947 1821 comitante,
963 1741 1110 1818 revexit,

141 1855 292 1938 Imposita
307 1866 355 1920 est
369 1876 439 1919 sero
453 1857 581 1919 tandem
597 1876 711 1917 manus
728 1853 836 1916 ultima
853 1849 947 1913 bellu.

142 1960 240 2045 Troja
254 1961 351 2048 simul
361 1961 563 2043 Priamusque
578 1960 714 2023 eadunt:
741 1956 896 2020 Priameia
912 1953 1037 2037 conjux

142 2064 283 2129 Perdidit
297 2066 403 2130 infelix
419 2064 553 2129 hominis
568 2074 638 2147 post
654 2063 760 2126 omnia
776 2062 921 2135 formam,

143 2167 358 2252 Externasque
373 2190 457 2232 novo
470 2169 580 2232 latratu
598 2168 705 2230 terruit
720 2188 822 2230 auras.
1124 2161 1191 2222 405

188 2270 318 2353 Longus
332 2274 364 2335 in
380 2284 547 2353 augustum
563 2272 626 2353 qua
640 2272 797 2333 clauditur
812 2269 1066 2347 Hellespontus,

143 2371 223 2437 lliou
238 2374 378 2450 ardebat,
394 2394 496 2454 neque
511 2374 616 2437 adhuc
631 2373 818 2436 consederat
834 2370 934 2453 ignis:

144 2474 364 2559 Exiguumque
379 2476 462 2539 senis
478 2476 591 2540 Priami
607 2475 694 2539 Jovis
710 2498 764 2539 ara
779 2496 923 2538 cruorem

144 2579 355 2645 Combiberat.
401 2581 550 2644 Tractata
565 2580 662 2643 comis
677 2580 817 2643 antistita
831 2578 946 2642 Phoebi

145 2684 220 2749 Non
236 2685 429 2765 proiecturas
444 2686 594 2749 tendebat
608 2685 650 2747 ad
666 2684 783 2747 aethera
798 2682 931 2765 palmas.
1123 2684 1189 2745 410

145 2787 342 2852 Dardanidas
357 2800 470 2851 matres
486 2789 654 2869 patriorum
670 2788 759 2870 signa
774 2787 917 2864 deorum,

144 2891 230 2954 Dum
245 2888 329 2968 licet,
343 2890 512 2974 amplexas,
529 2913 741 2975 succensaque
758 2893 876 2975 templa
891 2900 1044 2955 tenentes

145 2992 302 3060 Invidiosa
316 2995 442 3058 trahunt
458 2994 589 3057 victores
605 2998 735 3077 praemia
749 2996 850 3059 Graii.

145 3098 282 3165 Mittitur
297 3097 458 3183 Astyanax
473 3099 531 3163 illis
547 3102 587 3163 dc
604 3100 747 3177 turribus,
766 3102 851 3163 u'nde

146 3204 343 3286 Pugnantem
359 3226 474 3285 prose,
490 3203 692 3285 proavitaque
709 3225 806 3286 regna
821 3215 975 3282 tuentem,
1117 3209 1186 3269 415

147 3306 241 3385 Saepe
258 3304 362 3365 videre
378 3317 508 3384 patrem,
526 3317 730 3369 monstratum
746 3329 766 3369 a
780 3318 891 3385 matre,
908 3307 1044 3371 solebat.
1274 3352 1275 3435 p

145 3404 277 3487 Jamque
292 3406 374 3466 viam
389 3408 500 3468 suadet
516 3408 639 3485 Boreas,
657 3410 795 3492 flatuque
811 3413 954 3474 secundo
1274 3442 1275 3529 p

144 3505 281 3567 Carbasa
295 3514 380 3566 mota
395 3517 523 3569 sonant:
546 3510 635 3590 jubet
650 3512 695 3572 uti
712 3513 816 3575 navita
831 3514 944 3577 ventis.

146 3606 270 3687 ‘Troja,
286 3604 373 3679 vale;
397 3606 553 3686 rapimur,’
570 3610 715 3687 clamant,
732 3615 872 3695 dantque
888 3618 998 3681 oscula
1014 3629 1113 3681 terrae

145 3704 296 3779 Troades,
312 3713 344 3764 et
359 3707 467 3783 patriae
482 3708 633 3773 fumantia
649 3722 732 3775 tecta
746 3714 938 3797 relinquunt.
1114 3728 1181 3789 420
