2567 4209
526 298 624 348 BOOK
648 297 694 347 Vl.

69 470 172 534 Pars
190 469 325 533 verubus
340 470 450 533 stridet
459 491 468 547 3
491 479 620 531 manant
634 466 806 551 penetralia
822 466 906 529 tabo.

71 574 153 638 His
170 575 303 639 adhibet
317 575 430 659 conjnx
446 574 588 655 ignarum
603 573 706 636 Teren
720 572 853 648 mensis;

76 681 132 742 Et
149 680 247 762 patrii
263 679 356 742 moris
371 700 493 741 sacrum
507 678 649 755 mentite,
666 676 750 760 quod
766 676 822 739 uni

77 784 155 848 Fas
172 786 215 847 sit
229 784 315 847 adire
330 784 405 861 viro,
422 780 551 846 oo'mites
566 782 760 863 famulosque
775 781 916 845 removit.
1057 778 1120 844 195

79 890 168 971 Ipse
185 890 300 952 sedens
315 887 392 951 solio
408 888 528 951 Tereus
543 886 680 951 sublimis
695 887 779 950 evito

82 994 255 1056 Vescitur.
389 994 409 1033 ³¹²
497 994 518 1033 ⁴*
605 994 625 1033 ³*
714 993 734 1032 'l‘
822 992 842 1032 'l‘

83 1098 264 1180 Tantaque
280 1118 342 1160 nox
357 1098 453 1160 animi
467 1108 525 1174 est,
543 1096 632 1180 ‘Ityn
649 1096 710 1159 huc
725 1095 890 1173 arcessite‚'
908 1095 996 1158 dixit.

85 1201 299 1265 Dissimulare
315 1202 425 1283 nequit
438 1201 576 1265 crudelia
591 1201 707 1283 gaudia
722 1202 844 1265 Procne
856 1222 864 1277 3

87 1306 230 1389 Jamque
246 1328 311 1369 suae
327 1306 457 1388 cupiens
472 1306 618 1368 exsistere
634 1306 745 1368 nuntia
760 1305 867 1381 cladis,
1053 1307 1118 1368 200

90 1411 206 1473 ‘Intus
223 1411 329 1488 hebes,
346 1412 430 1493 quod
446 1410 567 1492 poscis,'
584 1410 637 1473 ait.
684 1408 900 1493 Circumspicit
915 1408 976 1486 ille,

90 1515 203 1597 Atque
219 1516 272 1578 ubi
288 1515 328 1578 sit
342 1515 461 1597 quaerit.
508 1514 685 1591 Quaerenti,
701 1515 874 1596 iterumque
890 1513 1027 1591 vocanti,

91 1621 188 1684 Sicut
202 1629 269 1683 erat
284 1620 396 1703 sparsis
411 1619 510 1683 furiali
526 1621 613 1682 caede
629 1620 758 1702 capillis,

92 1725 240 1803 Prosiliit‚
256 1724 401 1808 Ityosque
417 1734 512 1806 ceput
528 1724 699 1788 Philomela
713 1735 878 1788 cruentum

93 1831 185 1893 Misit
200 1830 232 1893 in
248 1850 303 1892 ora
317 1828 433 1912 patris3
457 1850 517 1892 nec
531 1839 672 1911 tempore
687 1828 798 1893 maluit
813 1830 876 1893 ullo
1054 1831 1118 1893 205

96 1935 193 1998 Posse
208 1934 301 2016 loqui,
317 1945 350 1997 et
364 1934 482 1996 meritis
497 1934 601 1996 testari
615 1934 731 2015 gaudia
747 1933 848 1997 dictis.

143 2038 295 2102 Thracius
309 2038 430 2119 ingenti
446 2059 569 2102 menses
584 2037 720 2099 clamore
735 2037 866 2119 repellit,

98 2144 308 2226 vipereasque
324 2143 387 2206 ciet
403 2142 514 2225 Stygii
528 2144 569 2204 de
584 2142 663 2205 valle
679 2163 808 2205 sorores.

100 2249 195 2311 Nunc
210 2248 347 2329 sequitur
360 2249 447 2312 nudo
461 2248 583 2329 genius
598 2247 760 2311 Pandione
777 2247 868 2311 ferro.

99 2352 236 2435 Corpore
250 2351 458 2433 Cecropidum
475 2353 585 2434 pennis
601 2354 737 2434 pendere
754 2362 898 2436 putares3
1053 2355 1118 2417 210

101 2457 282 2522 Pendebent
297 2456 419 2539 pennis.
466 2457 610 2527 Quarum
625 2458 704 2539 petit
718 2458 815 2522 altera
830 2457 931 2535 silvas,

103 2562 207 2625 Altera
222 2571 305 2625 tecta
320 2560 412 2623 subit.
458 2560 571 2642 Neque
586 2562 692 2624 adhuc
706 2563 747 2625 de
763 2572 888 2643 pectore
904 2561 1000 2625 caedis

103 2666 258 2730 Effluxere
273 2675 368 2743 notae,
384 2664 565 2747 signateque
582 2667 733 2748 sanguine
749 2666 855 2747 pluma
870 2675 928 2729 est.

103 2771 157 2835 Ille
172 2771 275 2834 dolore
291 2792 349 2833 suo
363 2791 528 2853 poenaeque
543 2771 692 2852 cupidine
708 2770 808 2848 velox,
879 2788 880 2791 ’

105 2876 237 2938 Vertitur
251 2875 284 2937 in
300 2874 468 2951 volucrem,
484 2876 534 2939 cui
550 2886 634 2939 stent
649 2876 681 2939 in
697 2876 812 2939 vertice
828 2876 948 2939 cristae:
1051 2878 1117 2938 215

106 2980 256 3045 Prominet
272 2979 472 3045 immodicum
490 3001 545 3061 pro
560 2979 654 3063 longi
669 2981 798 3063 cuspide
814 2990 958 3043 rostrum.

108 3088 224 3150 Nomen
240 3084 348 3167 Epops
362 3085 499 3150 volucri:
525 3086 620 3149 facies
634 3096 754 3149 armeta
769 3086 901 3149 videtur.
919 3122 924 3137 ι

107 3191 165 3255 llic
178 3190 264 3253 dolor
277 3199 351 3253 ente
366 3190 461 3265 diem,
478 3189 643 3271 longaeque
658 3200 795 3253 extreme
810 3198 946 3253 senectae

107 3297 265 3377 Tempore,
280 3294 447 3357 Tartareas
462 3294 625 3358 Pandione
639 3293 723 3357 misit
737 3293 778 3358 ad
794 3293 929 3357 umbras.

361 3400 383 3461 8
