2567 4209
514 320 611 393 aooii
635 322 666 371 v.
929 392 933 399 Ι
1052 327 1096 391 75

27 483 257 557 colluerant
272 489 384 568 sontes,
401 490 472 553 oiim
487 501 601 554 tectam
618 491 764 555 stramine
780 491 858 555 vidit

32 590 160 654 Forte
181 614 299 671 casam,
315 616 486 678 parvasque
503 598 583 659 sores
599 596 749 679 pulsavit:
773 596 896 660 atinde
1030 595 1096 661 285

37 695 180 759 Prodit
197 719 288 775 anus,
305 700 470 783 divamque
486 702 581 779 videt,
597 701 818 785 lymphamque
834 699 957 782 roganti

40 800 172 864 Dulce
190 803 292 880 dedit,
310 805 390 868 tosti
405 807 489 887 quod
505 817 631 869 coxerat
645 807 718 869 ante
735 805 871 889 polenta

46 905 154 969 Dum
175 907 257 969 bibit
271 908 323 971 illa
338 910 456 988 datum,
473 911 541 974 duri
558 933 635 995 puer
650 912 711 975 oris
725 920 758 973 et
772 910 875 973 audax

46 1009 227 1074 Constitit
241 1025 314 1076 ante
329 1015 432 1093 deam,
449 1016 585 1100 risitque,
601 1015 787 1098 avidamque
802 1012 935 1078 vocavit.

51 1115 208 1179 Offensa
225 1128 291 1196 est3
316 1140 417 1201 neque
432 1121 537 1184 adhuc
552 1120 748 1203 epota-parte
764 1120 944 1202 loquentem
1031 1120 1098 1183 290

54 1219 155 1283 Cum
172 1220 293 1304 liquido
309 1223 400 1289 mista
414 1226 551 1307 perfudit
566 1226 638 1289 diva
653 1225 790 1308 polenta

59 1325 237 1390 Combibit
253 1350 287 1391 os
302 1330 451 1409 maculae,
467 1342 509 1409 et,
525 1334 587 1415 qua
602 1331 697 1396 modo
711 1329 838 1393 brachia
851 1328 956 1412 gessit,

64 1430 176 1495 Crura
191 1432 287 1515 gerit:
311 1436 415 1499 cauda
429 1448 476 1498 est
491 1436 617 1499 mutatis
632 1436 739 1499 addita
754 1433 918 1511 membris3

69 1536 178 1618 Inque
194 1537 322 1601 brevem
339 1540 478 1617 sormam,
495 1561 536 1603 ne
551 1541 590 1603 sit
606 1540 651 1603 vis
666 1561 780 1622 magna
795 1538 941 1614 nocendi,

69 1640 299 1707 contrahitur:
325 1646 480 1727 parvaque
496 1644 596 1707 minor
610 1666 755 1708 mensura
771 1643 886 1707 lacerta
899 1652 957 1706 est.
1033 1643 1098 1707 295

73 1746 250 1810 Mirantem
266 1747 454 1831 flentemque
469 1760 502 1813 et
517 1760 645 1833 tangere
659 1760 797 1812 monstra
812 1757 973 1831 parantem

76 1851 176 1933 Fugit
190 1874 296 1931 anum,
312 1852 524 1937 latebramque
540 1855 639 1936 petit;
663 1864 833 1936 aptumque
848 1851 944 1915 colori

81 1955 209 2020 Nomen
225 1955 328 2035 habet,
344 1958 435 2020 variis
450 1957 588 2021 stellatus
603 1978 733 2039 corpora
747 1956 853 2037 guttis.

132 2061 218 2129 Quas
233 2062 294 2124 dea
309 2082 365 2143 per
380 2072 487 2139 terras,
503 2072 535 2125 et
550 2084 627 2144 quas
643 2061 788 2124 erraverit
803 2061 913 2138 undas,

83 2165 198 2229 Dicere
213 2165 306 2248 longa
320 2188 406 2229 mora
421 2177 477 2229 est.
525 2166 694 2236 Quaerenti'
706 2164 808 2229 defuit
822 2163 914 2228 orbis.
1034 2168 1101 2231 300

86 2270 242 2333 Sicaniam
258 2272 378 2353 repetit.
424 2273 570 2355 Dumque
587 2271 691 2335 omnia
707 2270 816 2333 lustrat
829 2270 946 2349 eundo,

87 2374 181 2437 Venit
194 2386 226 2437 et
239 2377 281 2438 ad
296 2376 444 2459 Cyanen:
469 2398 517 2454 ea,
534 2376 566 2440 ni
581 2386 702 2439 mutata
715 2376 834 2452 suisset,

89 2478 200 2541 Omnia
215 2480 377 2558 narrasset,
394 2483 449 2545 sed
464 2491 498 2544 et
512 2502 547 2543 os
562 2492 594 2543 et
608 2481 716 2563 lingua
730 2478 847 2543 volenti

90 2582 198 2646 Dicere
213 2605 274 2647 non
291 2586 439 2663 aderant;
464 2607 533 2663 nec,
550 2606 612 2668 quo
628 2584 815 2666 loqueretur,
832 2581 978 2647 habebat.

93 2686 185 2769 Signa
199 2699 302 2752 tamen
318 2690 481 2753 manifesta
497 2690 595 2767 dedit,
613 2699 782 2770 notamque
798 2686 930 2768 parenti,
1034 2688 1101 2753 005

94 2792 149 2855 lllo
162 2792 235 2855 sort'e
251 2792 321 2857 loco
337 2794 506 2876 delapsam,
521 2794 644 2878 gurgite
660 2814 749 2856 sacro

95 2896 297 2979 Persephones
312 2920 423 2961 zonam
439 2899 566 2961 summis
583 2898 721 2961 ostendit
735 2898 768 2961 in
783 2897 886 2961 undis.

97 3002 194 3070 Quam
209 3001 298 3065 simul
313 3004 449 3085 agnovit,
466 3014 613 3086 tanquam
630 3014 697 3066 tum
713 3003 848 3085 denique
863 3010 984 3083 raptam

100 3105 214 3184 Scisset,
229 3106 386 3171 inornatos
400 3108 527 3171 laniavit
541 3108 614 3171 diva
629 3106 757 3189 capillos
769 3129 785 3184 ;⁴

101 3210 137 3275 Et
150 3211 272 3293 repetita
287 3212 349 3274 suis
366 3214 515 3294 percussit
530 3222 658 3294 pectora
673 3209 791 3293 palmis,
1036 3210 1104 3273 310

102 3315 164 3380 Nec
177 3314 228 3379 scit
242 3316 357 3394 adhuc,
373 3316 425 3379 ubi
441 3316 498 3381 sit:
523 3326 618 3380 terras
634 3326 740 3378 tamen
755 3313 896 3396 increpat
909 3332 1029 3392 omnes,

102 3420 285 3503 lngratesque
302 3431 403 3497 vocat,
419 3442 479 3485 nec
495 3421 618 3503 frugum
633 3440 763 3483 munere
779 3418 899 3501 dignas.

103 3524 277 3589 Trinacriam
292 3535 366 3588 ante
381 3525 466 3604 alias,
483 3526 515 3588 in
531 3526 594 3607 qua
608 3524 737 3606 vestigia
752 3521 871 3587 damni

104 3628 223 3710 Reperit.
271 3628 354 3712 Ergo
370 3628 432 3693 illic
446 3629 531 3693 stava
547 3628 699 3692 vertentia
712 3618 820 3709 glebas

105 3732 194 3816 Fregit
206 3743 306 3797 aratra
319 3756 435 3813 manu;
459 3732 608 3816 parilique
623 3732 701 3794 irata
716 3730 844 3793 colonos
1038 3725 1104 3788 ³15
