2567 4209
145 290 210 355 140
422 284 541 334 ovms
562 284 893 335 uurnnorrrnosns.

140 453 226 519 Dure
242 456 435 535 Philoctete3
458 455 532 521 licet
545 476 718 533 exsecrere,
734 476 903 537 meumque

140 558 304 626 Devorem
318 562 385 627 siue
401 562 465 625 fine
478 571 585 643 caput,
600 560 771 643 cupiasque
785 559 907 623 dolenti
1109 566 1180 628 330

139 663 196 729 Me
211 666 266 730 tibi
281 666 360 731 forte
375 667 454 745 dari,
469 676 671 747 nostrumque
686 665 809 729 haurire
824 685 969 728 cruorem
982 686 992 742 3

138 768 189 833 Te
204 782 309 835 tamen
324 773 498 855 aggrediar,
516 775 716 855 [mecumque
732 771 879 833 reducere
896 770 1008 853 nitar]

138 875 282 958 Tamque
297 876 358 941 tuis
373 877 473 959 potiar
490 876 610 963 (faveat
625 872 778 959 Fortuna)
796 874 925 957 sagittis,

139 979 246 1049 Quam
261 1002 331 1045 sum
346 980 517 1057 Dardanio,
533 1000 627 1062 quem
642 980 723 1061 cepi,
740 990 810 1043 vate
826 979 960 1062 potitus:
980 1058 986 1065 ι

137 1084 246 1155 Quem
260 1107 410 1170 responsu
423 1087 528 1164 deum,
544 1085 741 1169 Trojanaque
758 1085 832 1163 sata,
847 1084 964 1148 retexi:
1107 1092 1177 1154 335
1275 1160 1277 1178 ,

138 1189 246 1259 Quam
260 1192 349 1273 rapui
364 1192 507 1275 Phrygiae
523 1192 647 1273 signum
662 1190 819 1272 penetrale
835 1190 990 1253 Minervae

136 1293 288 1361 Hostibus
302 1318 321 1359 e
335 1297 457 1361 mediis.
503 1296 545 1359 Et
559 1318 593 1359 se
608 1296 685 1359 mihi
700 1305 859 1377 comparet
874 1295 978 1380 Ajax?

136 1398 263 1485 Nempe
277 1401 348 1483 capi
363 1402 490 1486 Trojam
505 1401 711 1484 prohibebant
725 1400 789 1463 sata
804 1400 870 1463 sine
885 1400 954 1464 illis.

135 1503 237 1567 Fortis
252 1506 305 1569 ubi
320 1516 368 1569 est
383 1505 485 1590 Ajau?
509 1506 563 1569 ubi
577 1516 651 1569 sunt
666 1505 806 1587 ingentia
820 1506 925 1588 magni

135 1607 240 1673 Verba
255 1610 332 1673 viri?
377 1609 442 1673 Cur
457 1610 508 1675 hic
522 1612 658 1674 metuis?
682 1632 737 1674 cur
752 1610 848 1674 audet
863 1609 996 1694 Ulysses
1105 1619 1175 1681 340

134 1710 184 1777 Ire
200 1734 256 1796 per
270 1714 427 1792 excubias,
442 1724 475 1777 ct
490 1736 524 1777 se
539 1716 733 1779 committere
749 1716 856 1778 nocti?

135 1817 255 1902 Perque
271 1819 353 1883 feros
366 1840 468 1897 enses,
484 1841 548 1884 non
564 1822 684 1883 tantum
700 1820 816 1883 moenia
831 1821 961 1898 Troum,

134 1922 251 1988 Verum
266 1926 360 1989 etiarn
376 1946 512 1989 summas
526 1946 613 1987 arces
628 1925 752 2001 intrare,
769 1925 884 2007 suaque

135 2028 263 2112 Eripere
278 2032 348 2095 rede
363 2033 466 2108 deam,
482 2042 663 2115 raptamque
679 2028 788 2092 efferre
805 2051 859 2113 per
874 2030 1004 2096 hostes?

135 2133 219 2203 Quae
235 2136 294 2199 nisi
311 2136 463 2214 iecissem,
480 2136 591 2199 frustra
606 2134 779 2201 Telamone
796 2146 918 2199 creatus
1101 2146 1169 2209 345

133 2238 296 2302 Gestdsset
311 2239 390 2302 laevd
404 2252 563 2305 taurorum
578 2251 700 2322 tergora
715 2250 847 2323 septem.

132 2342 190 2407 llld
205 2354 298 2407 nocte
312 2344 388 2407 mihi
402 2346 507 2430 Trojae
523 2346 651 2409 victoria
667 2356 754 2426 parta
769 2357 834 2408 est:

133 2446 284 2529 Pergama
298 2459 364 2512 tum
381 2450 451 2527 vici,
467 2451 539 2513 cdm
554 2451 636 2514 vinci
653 2471 743 2532 posse
759 2451 860 2533 coc'gi.

176 2551 294 2617 Desine
308 2555 455 2639 Tydiden
471 2556 619 2638 vultuque
634 2565 667 2617 et
682 2576 839 2618 murmure
856 2556 945 2619 nobis

132 2657 299 2723 Ostentare
313 2682 434 2725 meum:
461 2682 532 2742 pars
546 2672 594 2723 est
608 2682 666 2723 sua
681 2660 780 2724 laudis
796 2660 828 2723 in
844 2661 912 2724 illie.
1094 2669 1166 2731 350

131 2760 204 2826 Nec
218 2774 263 2839 tu,
279 2766 350 2828 crim
365 2767 451 2832 socie
465 2765 610 2849 clypeum
625 2786 682 2848 pro
697 2766 794 2830 classe
811 2766 950 2844 tenebas,

133 2865 226 2929 Solus
240 2888 325 2931 eras:
349 2868 405 2931 tibi
421 2870 511 2933 turba
526 2891 642 2949 comes,
659 2871 734 2935 mihi
750 2871 881 2954 contigit
896 2892 987 2935 unus.

132 2970 208 3048 Qui,
226 2971 284 3034 nisi
300 2994 475 3055 pugnacem
490 2974 582 3038 sciret
597 2978 738 3059 sapiente
753 2976 904 3039 minorem

131 3074 218 3155 Esse,
235 3098 295 3142 nec
310 3078 470 3143 indomita
485 3079 593 3143 deberi
608 3081 738 3163 praemia
752 3082 881 3158 dextrae,

130 3179 202 3263 lpse
216 3183 340 3267 quoque
356 3186 424 3249 haec
440 3196 576 3268 peteret:
601 3196 721 3268 peteret
736 3187 923 3250 moderatior
937 3186 1030 3271 Aiax,
1088 3192 1157 3253 355

130 3284 367 3370 Eurypylusque
382 3290 479 3366 seror,
495 3290 639 3372 claroque
656 3289 859 3355 Andremone
876 3302 984 3355 natus:

130 3387 202 3451 Nec
216 3391 317 3453 minus
333 3393 530 3469 Idomeneus,
547 3395 707 3477 patriisque
723 3406 845 3459 creatus
860 3396 972 3459 eadem

129 3491 305 3555 Meriones:
330 3505 449 3574 peteret
464 3496 587 3576 majoris
603 3496 696 3559 frater
711 3496 842 3561 Atrida.

130 3589 259 3672 Quippe
274 3614 369 3654 manu
386 3594 479 3655 fortes
497 3593 572 3680 (nec
586 3609 659 3659 sunt
675 3599 729 3660 tibi
742 3600 848 3675 Marte
863 3602 1010 3689 secundi)
1123 3664 1128 3680 ,

128 3690 272 3755 Consiliis
287 3695 406 3756 cessere
421 3695 508 3757 meis.
554 3696 627 3759 Tibi
642 3699 772 3763 dextera
787 3702 869 3779 bello
1084 3713 1155 3776 360

1272 846 1275 985 ι
