2567 4209
175 270 220 335 ae
454 265 572 315 ovm's
594 261 923 314 nunnuomuosns.

176 432 228 513 lit,
243 454 314 517 quae
330 432 484 499 Mmonias
499 432 693 499 eelehriraut
704 433 844 497 mimine
859 433 952 515 ripas,

175 536 345 603 Flumineis
360 538 501 603 volueres
516 538 620 603 medio
635 536 759 602 oaludre
774 536 917 620 Ceyma

175 640 267 707 Nilus
283 643 315 707 in
330 653 503 707 extremum
519 642 597 724 sugit
612 641 792 725 perterritus
806 641 925 719 orbem,
1007 704 1011 711 ,

174 747 382 831 occuluitque
398 757 504 829 eaput,
520 748 604 829 quod
619 747 724 809 adhue
738 744 825 810 latet.
868 747 961 810 Ostia
975 757 1104 830 septem

174 851 394 915 Pulverulenta
409 858 532 928 vacant,
549 861 669 933 septem
685 852 752 913 sine
758 852 895 915 -dumine
903 850 1016 915 -valles
1137 855 1208 916 255
1262 839 1263 912 J

174 954 377 1021 Fors-eadem
393 956 536 1019 lunarios
552 956 694 1019 Hebrum
709 956 1094 1047 cum-Suymouesimmt,

173 1058 404 1143 Hesperiosque
419 1081 538 1138 annues,
550 1060 710 1137 Rhenum,
722 1060 987 1142 Rhodanumque,
998 1060 1203 1144 Padumque,
1262 1069 1263 1110 l

173 1164 294 1247 Cuique
311 1164 369 1233 fuit
384 1184 487 1229 rerum
502 1166 653 1248 promissa
667 1165 818 1247 potentia,
833 1164 987 1247 Thybrin.

173 1266 292 1332 Dissilit
307 1282 400 1333 omne
416 1270 525 1349 solum,
542 1280 745 1353 penetratque
760 1270 794 1333 in
809 1270 940 1333 Tarsam
954 1269 1039 1334 rimis

173 1371 309 1451 Lumen,
324 1384 357 1439 et
371 1375 526 1439 infernum
543 1384 638 1440 terret
652 1396 725 1438 eum
740 1374 873 1458 conjuge
887 1394 1003 1456 regem.
1124 1378 1202 1441 260

175 1476 217 1541 Et
230 1500 316 1543 mare
331 1480 702 1562 oontmhitur,·sieeaeque
716 1490 766 1543 est
779 1500 909 1561 eampus
923 1498 1038 1556 areum,
1159 1553 1163 1559 ¹

173 1582 273 1652 Quod
288 1583 382 1647 modh
398 1594 512 1667 pontus
527 1594 604 1650 erat.
651 1584 803 1669 Quosque
818 1584 916 1650 altum
930 1592 1051 1647 texerat
1064 1605 1190 1667 sequor,
1263 1593 1264 1606 ¹

175 1686 336 1751 Existunt
349 1697 482 1765 montes,
498 1697 531 1752 et
544 1708 666 1770 spumas
679 1689 833 1773 Cycladas
847 1698 974 1771 eligent.
1264 1635 1266 1790 l

174 1793 242 1857 lma
255 1802 367 1875 petunt
382 1792 491 1875 pisoes,
508 1813 568 1856 neo
583 1814 616 1855 se
632 1814 725 1875 super
739 1816 866 1877 oequom
880 1793 968 1857 curvi

173 1897 298 1963 Tollere
314 1907 478 1963 consuetas
493 1898 612 1964 sudent
626 1899 791 1981 delphines
804 1900 837 1963 iu
852 1920 952 1963 auios.
1131 1902 1200 1964 265
1240 1896 1252 1916 “

174 2002 314 2087 Corpora
327 2003 498 2087 phocarum
513 2026 635 2069 summo
650 2004 796 2086 resupina
810 2004 968 2086 profundo

177 2108 359 2173 Emnimatn
370 2110 487 2194 jacent.
534 2109 640 2190 Ipsum
656 2130 780 2191 quoque
796 2109 901 2172 Nerea
916 2108 1000 2173 famu
1013 2119 1073 2186 est,

176 2212 353 2295 Doridaque
369 2221 402 2273 et
416 2223 505 2275 natas
522 2213 634 2293 tepidis
650 2212 775 2277 latuisse
790 2214 850 2291 sub
863 2214 971 2277 antris.

174 2317 239 2381 'l'er
254 2315 423 2398 Neptunus
437 2316 525 2398 equis
540 2338 613 2381 oum
629 2327 718 2380 torvo
732 2318 858 2382 brachia
873 2317 962 2381 vultu
1264 2393 1266 2402 ,

175 2420 325 2485 Exserere
340 2442 433 2485 ausus
448 2431 533 2498 erat;
558 2431 605 2485 ter
620 2443 685 2489 nou
700 2422 770 2486 tulit
784 2423 863 2487 airis
878 2432 983 2486 aestus.
1130 2427 1198 2488 270

219 2526 312 2593 Alme
327 2536 431 2591 tamen
448 2526 565 2605 Tellus,
581 2538 616 2591 ut
631 2537 699 2592 emt
712 2528 905 2595 circumdata
919 2538 1028 2610 ponto,

175 2634 260 2701 inter
274 2652 370 2715 aquas
386 2632 489 2715 pelagi
504 2642 742 2715 eontraetosque
758 2633 896 2715 undique
912 2633 1026 2710 sontes,
1059 2686 1063 2693 .

175 2737 242 2808 Qui
258 2756 291 2801 se
306 2738 513 2801 condiderant
527 2738 559 2801 in
575 2759 683 2819 opeoae
699 2737 818 2801 visoera
831 2738 949 2815 matris,

175 2842 309 2907 Sustulit
323 2842 491 2907 omniseros
505 2842 586 2907 eollo
602 2852 693 2907 tenus
708 2843 795 2907 arida
809 2843 931 2907 vultus:

174 2946 392 3031 Opposuitque
407 2968 536 3012 mentun
550 2945 655 3024 fronti,
670 2970 847 3039 magnoque
863 2960 997 3011 tremore
1129 2952 1194 3013 275

156 3051 291 3119 ·Omnia
305 3050 488 3118 ooueutiens
503 3050 630 3133 paulun
646 3051 804 3127 subsedit3
827 3062 860 3113 et
874 3050 965 3128 iniri,

175 3156 283 3227 uuum
299 3154 470 3233 solet-esse,
487 3154 555 3233 luit,
571 3154 716 3237 siccisque
732 3155 775 3220 ita
790 3174 868 3217 voce
882 3153 988 3217 locuta
1001 3162 1066 3216 est:
1156 3169 1159 3172 ·

176 3260 231 3323 ‘Si
247 3258 350 3343 plsoet
365 3256 435 3337 hoc,
451 3259 622 3341 meruique,
638 3258 713 3341 quid
729 3278 750 3321 o
765 3270 820 3321 tua
833 3258 964 3321 fulmine
978 3268 1114 3336 cessant,

176 3365 306 3428 Summe
322 3364 437 3427 desim?
483 3362 592 3427 Lieeet
607 3362 753 3445 periturae
769 3363 882 3426 viribus
897 3362 987 3445 iguis,

175 3468 252 3551 Igne
268 3468 367 3551 perire
384 3477 448 3544 tuo,
465 3466 648 3549 clademque
663 3478 791 3531 auctore
806 3468 919 3531 levare.
1130 3470 1193 3532 280

174 3573 235 3638 vix
250 3573 396 3656 equidem
412 3572 517 3635 sauoes
533 3570 601 3636 haee
616 3573 730 3654 ipsein
746 3573 839 3635 verba
853 3572 995 3651 resolvo,'
1023 3639 1026 3644 ,

177 3677 350 3763 (Paeanem
363 3698 419 3741 ota
433 3675 543 3761 vapor)
561 3684 679 3740 ‘tostos
692 3697 734 3741 en
748 3677 876 3758 adspioe
891 3676 1003 3754 eriues,
