2567 4209
172 308 217 373 88
448 306 566 356 Ovios
587 302 914 357 METAMORPHOSES.

171 471 373 555 Pendulaqua
389 474 501 537 audaci
515 474 632 537 mulcet
646 474 783 556 palearia
798 475 925 551 dextrd3

89 618 97 635 .
172 577 418 660 Suppositosque
429 579 506 664 jugo
521 579 644 661 pondus
659 600 751 661 grave
768 580 851 660 cogit
866 579 956 641 aratri
1155 583 1198 643 55

171 680 304 758 Ducere,
320 694 353 745 et
367 684 522 746 insuetum
539 683 619 746 ferro
634 684 832 765 proscindere
848 705 1005 765 campum.

170 785 324 849 Mirantur
339 786 459 865 Colchi,
477 786 594 871 Minyae
610 787 794 851 clamoribus
809 788 949 868 implent,

170 891 391 975 Adjiciuntque
406 893 536 955 animos.
582 893 682 956 Galeri
696 901 762 954 tum
778 892 871 955 sumit
885 892 967 955 admi

170 995 319 1077 Vipereos
335 997 455 1075 dentes,
471 1007 503 1060 et
517 1008 619 1060 aratos
634 997 749 1079 spargit
764 997 795 1059 in
812 1018 911 1078 agros.

170 1101 299 1164 Semina
313 1101 412 1164 mollit
427 1102 548 1180 humus,
564 1101 667 1165 valido
682 1102 844 1183 praetincta
859 1122 992 1178 veneno,
1024 1147 1026 1151 -
1148 1104 1193 1165 60

169 1204 211 1269 Et
226 1218 378 1284 crescunt,
395 1207 535 1289 fiuntque
550 1205 607 1269 sati
623 1225 704 1269 nova
715 1226 845 1287 corpora
860 1206 981 1268 dentes.

169 1309 211 1373 Et
225 1309 279 1372 ubi
294 1311 463 1387 vbceribus
476 1310 612 1393 gravidae
628 1310 743 1373 telluris
759 1310 861 1391 imago

169 1414 291 1479 Effecta
304 1426 353 1478 est
368 1415 509 1493 hominis,
526 1416 603 1478 soeto
617 1414 775 1497 consurgit
790 1414 822 1476 in
837 1434 929 1476 arvo:

169 1520 328 1601 Quodque
344 1520 442 1601 magis
457 1520 578 1596 mirum,
594 1518 686 1581 nmul
702 1518 786 1582 edita
800 1518 940 1581 concutit
953 1539 1052 1581 mma.

169 1624 261 1692 Quos
275 1624 328 1686 ubi
343 1623 487 1686 viderunt
501 1633 666 1705 praeacutae
682 1623 818 1705 cuspidis
834 1623 936 1685 hastas
1145 1624 1189 1685 65

169 1728 206 1791 In
222 1738 318 1809 caput
332 1727 490 1790 Haemonii
501 1727 625 1812 juvenis
640 1737 782 1810 torquere
799 1737 930 1808 paratos,

169 1830 330 1895 Demisere
344 1840 431 1895 metu
447 1831 626 1914 vultumque
641 1832 842 1913 animumque
858 1830 989 1912 Pelasgi.

170 1937 242 2018 Ipsa
255 1936 379 2019 quoqne
395 1936 547 2014 extimuit,
562 1957 633 2018 quae
650 1946 750 1999 tutum
767 1936 883 1997 lecerat
897 1934 1002 2011 illum;

168 2042 274 2124 thue
290 2042 354 2125 peti
365 2043 514 2127 juvenem
529 2051 575 2104 tot
589 2040 666 2103 vidit
681 2040 720 2103 ab
737 2038 875 2102 hostibus
890 2060 998 2116 unum,

169 2145 291 2225 Palluit,
306 2156 339 2209 et
353 2146 455 2209 subitb
471 2146 537 2209 sine
553 2146 704 2228 sanguine
721 2144 830 2227 frigida
847 2144 936 2207 sedit.
1144 2149 1188 2207 7⁰

168 2250 258 2312 Neve
275 2251 382 2332 panim
397 2249 521 2312 valeant
535 2271 556 2312 a
569 2270 603 2313 se
618 2250 692 2313 data
706 2250 855 2331 gramina,
872 2268 997 2311 carmen

168 2353 325 2417 Auxiliare
340 2353 434 2432 canit,
449 2364 645 2436 secretasque
660 2354 793 2417 advocat
807 2365 898 2416 artes.

168 2458 235 2536 Ille,
250 2480 375 2541 gravem
391 2459 510 2522 medios
525 2458 642 2523 silicem
654 2458 808 2543 jaculatus
823 2458 855 2522 in
872 2458 985 2535 hostes,

169 2564 197 2627 A
214 2584 247 2627 se
262 2563 425 2647 depulsum
441 2564 576 2627 Martem
591 2564 744 2627 convertit
757 2563 790 2625 in
805 2563 898 2645 ipsos.

167 2668 347 2751 Terrigenae
363 2678 495 2751 pereunt
510 2690 565 2751 per
578 2679 688 2731 mutua
703 2668 829 2731 vulnera
845 2667 961 2744 fratres,
1142 2672 1186 2732 75

167 2772 319 2856 Civilique
334 2774 451 2836 cadunt
465 2773 543 2837 acie.
589 2772 758 2837 Gratantur
773 2772 895 2849 Achivi,

168 2876 387 2958 Victoremque
402 2886 519 2954 tenent,
536 2877 695 2959 avidisque
711 2876 904 2958 amplexibus
919 2877 1047 2940 haerent.

212 2979 394 3063 Pervigilem
410 2992 550 3064 superest
564 2981 667 3045 herbis
682 2982 784 3063 sopire
800 2982 978 3059 draconem,

167 3085 234 3155 Qui
249 3086 342 3149 cristis
356 3086 531 3169 linguisque
546 3087 643 3150 tribus
658 3086 829 3168 praesignis,
846 3096 879 3148 et
893 3086 981 3149 uncis

167 3190 322 3254 Dentibus
337 3191 518 3269 horrendus,
534 3202 637 3255 ousms
653 3201 720 3253 erat
734 3191 837 3253 arietis
852 3191 948 3253 aurei.
1139 3194 1184 3255 80

166 3294 264 3359 Hunc
279 3306 442 3377 postquam
457 3297 568 3376 sparsit
582 3294 704 3358 Lethaei
719 3296 857 3377 gramine
874 3296 969 3371 succi,

167 3398 331 3481 Verbaque
347 3410 393 3462 ter
407 3399 485 3461 dixit
500 3398 639 3479 placidos
657 3399 801 3462 facientia
816 3420 949 3475 somnos,

168 3504 251 3573 Quae
266 3525 351 3566 mare
368 3504 534 3579 turbatum,
550 3524 620 3585 quae
636 3504 761 3567 concita
776 3505 904 3567 flumina
920 3504 1028 3567 sistant
1037 3527 1045 3581 ;

168 3608 303 3671 Somnus
317 3608 350 3670 in
366 3608 488 3689 ignotos
503 3608 611 3671 oculos
625 3608 774 3689 subrepit,
791 3619 824 3671 et
838 3630 914 3671 auro

166 3710 271 3776 Heros
287 3710 433 3775 AEsonius
448 3712 582 3793 potitur3
606 3712 766 3795 spolioque
782 3711 942 3794 superbus,
1139 3715 1181 3778 85
