2567 4209
356 322 504 373 EPISTLE
525 323 571 373 Ol*
593 324 720 375 Manus
743 325 792 376 ΤΟ
813 322 934 373 JASON.

132 488 264 572 Accipit
279 490 413 575 hospitio
424 494 556 579 juvenes
570 493 665 557 AEeta
680 493 835 577 Pelasgos,

181 594 223 658 Et
238 598 376 678 premitis
391 599 490 681 pictos
506 620 637 681 corpora
652 600 747 663 Graia
763 610 856 663 toros.

4 715 10 753 ι
87 720 92 726 ·
131 699 230 765 Tunc
244 723 304 785 cgo
320 712 352 766 tc
367 704 448 767 vidi:
473 717 549 768 tunc
564 705 646 786 coepi
663 705 740 769 scire
757 705 833 788 quid
848 720 942 769 esses.

179 804 236 869 Illa
252 806 309 869 tuit
324 809 438 871 mentis
453 809 553 891 prima
567 810 655 873 ruina
671 831 761 873 meae.

130 910 181 974 Ut
196 911 268 989 vidi,
285 923 321 975 ut
335 913 431 996 perii!
456 935 516 977 nec
531 915 614 978 notis
629 914 752 997 ignibus
767 914 838 993 arsi,

179 1018 280 1081 Ardet
295 1029 329 1081 ut
343 1020 385 1082 ad
400 1020 639 1102 magnos'pinea
656 1020 740 1097 taeda
754 1022 840 1083 deor.

132 1120 177 1185 Et
193 1122 344 1186 formosus
359 1146 438 1202 eras,
454 1134 487 1187 et
502 1146 552 1187 me
567 1146 639 1188 mea
654 1125 718 1189 sata
734 1124 908 1189 trahebant

180 1228 381 1293 Abstulerant
395 1230 478 1293 oculi
494 1229 611 1294 lumina
626 1240 732 1295 nostra
748 1230 803 1307 tui.

132 1332 266 1413 Perfida,
283 1335 422 1399 sensisti:
447 1336 516 1417 quis
530 1335 616 1399 enirn
630 1336 713 1399 benc
729 1335 811 1399 celat
825 1337 985 1401 amorem?

179 1438 306 1503 Eminet
320 1440 437 1504 indicio
452 1441 575 1525 prodita
589 1442 715 1504 flamma
731 1462 798 1504 suo.

131 1544 255 1609 Dicitur
270 1546 389 1610 interea
404 1546 460 1609 tibi
475 1546 544 1625 lex;
569 1556 605 1610 ut
619 1548 698 1610 dura
713 1546 847 1610 ferorum

179 1651 307 1714 Insolito
322 1673 478 1733 premeres
493 1672 618 1715 vomere
634 1651 714 1715 colla
728 1652 834 1715 boum.

132 1754 244 1819 Martis
258 1767 347 1820 crant
362 1756 441 1819 tauri
456 1757 524 1838 plris
539 1758 633 1840 quam
649 1778 704 1839 per
720 1778 837 1820 cornua
853 1756 938 1835 saevi,

178 1861 322 1930 Quorum
338 1861 477 1925 terribilis
492 1862 616 1944 spiritus
631 1862 711 1943 ignis
727 1871 802 1924 erat.

132 1965 208 2029 AEre
224 1968 320 2049 pedes
335 1967 436 2044 solidi,
452 1977 666 2050 praetentaque
682 1966 807 2031 naribus
824 1986 905 2029 aera:

178 2072 277 2155 Nigra
290 2094 346 2156 per
360 2072 483 2135 afflatus
499 2072 568 2136 haec
583 2071 708 2154 quoquc
725 2071 807 2134 sacta
822 2091 904 2134 suos.

130 2178 262 2241 Semina
277 2189 437 2261 praeterea,
454 2175 587 2260 populos
601 2177 755 2259 genitura,
768 2176 886 2261 juberis

177 2284 330 2367 Spargere
347 2284 460 2346 devotrl
475 2282 538 2345 lata
552 2303 608 2364 per
622 2303 697 2345 arva
711 2302 817 2359 manu,

129 2390 200 2459 Qui
216 2399 358 2472 peterent
372 2410 478 2452 secum
494 2388 575 2451 natis
589 2397 644 2451 tua
659 2409 790 2471 corpora
805 2387 885 2452 telis.

176 2494 233 2558 llla
247 2504 295 2557 est
309 2493 453 2576 agricolae
469 2494 577 2556 messis
593 2492 699 2574 iniqua
715 2514 782 2555 suo.

128 2601 267 2665 Lumina
281 2599 420 2663 custodis
436 2598 638 2661 succumbere
655 2597 760 2660 nescia
775 2618 885 2659 somno

175 2705 311 2769 Ultimus
326 2715 373 2767 est
388 2703 493 2786 aliqua
507 2702 652 2785 decipere
668 2712 733 2765 arte
749 2701 846 2765 labor.

128 2810 260 2874 Dixerat
276 2808 393 2876 AEetes.
439 2806 546 2870 Moesti
561 2805 747 2889 consurgitis
761 2826 890 2884 omncs3

175 2915 348 2996 Mensaque
365 2934 535 2996 purpureos
550 2913 665 2977 deserit
679 2912 742 2976 alta
757 2921 850 2976 toros.

130 3022 240 3091 Quam
255 3020 310 3083 tibi
326 3040 412 3082 nuuc
425 3018 518 3100 longa
535 3039 666 3100 regnum
683 3018 787 3081 dotale
803 3017 940 3095 creusa,

175 3126 217 3189 Et
231 3146 330 3203 socer,
346 3134 379 3187 et
392 3123 498 3205 magui
514 3132 589 3184 nata
604 3122 747 3185 Creontis
763 3122 868 3185 erant!

130 3232 241 3298 'l'ristis
256 3231 332 3294 abis.
378 3227 487 3292 Oculis
502 3226 671 3289 abeuntem
687 3246 856 3311 prosequor
870 3225 960 3304 udis3

176 3338 217 3401 Et
231 3335 310 3401 dixit
325 3335 410 3398 tenui
426 3354 583 3397 murmure
598 3332 716 3414 lingua,
732 3330 851 3395 ‘Vale'

130 3444 177 3509 Ut
191 3442 326 3527 positum
341 3439 430 3522 tetigi
445 3438 582 3501 thalamo
597 3437 678 3500 male
695 3436 799 3500 saucia
813 3436 941 3514 lectum,

175 3548 257 3612 Acta
272 3556 320 3609 est
335 3565 391 3629 per
406 3543 557 3627 lacrymas
572 3562 634 3605 nox
651 3541 736 3619 mihi,
752 3552 869 3623 quanta
885 3540 952 3605 fuit.

130 3655 215 3718 Ante
231 3651 339 3717 oculos
353 3650 495 3730 taurique
511 3668 608 3724 meos,
624 3658 807 3728 segetesque
824 3645 989 3721 nefandae3

176 3760 261 3821 Ante
277 3776 363 3819 meos
378 3751 486 3816 oculos
500 3750 629 3834 pervigil
645 3749 756 3830 anguis
771 3758 848 3810 erat.

402 3860 442 3917 15
452 3857 472 3895 ²*

1098 331 1159 393 173

1115 603 1159 663 30
