2567 4209
264 620 470 663 altemirus
498 621 654 666 cumulet>
678 620 754 663 ΙΝΤΟ
778 622 798 662 Δ
821 619 968 665 nonno

550 796 579 836 v.
603 776 676 836 162.
775 848 779 864 ‚

137 912 196 977 Te
212 913 346 996 quoque,
362 913 538 997 Amyclide,
556 914 707 996 posuisset
722 914 754 977 iu
769 914 886 979 aethere
902 913 1049 991 Phoebus,

82 1018 217 1082 Tristia
233 1019 257 1081 si
272 1020 408 1103 spatium
424 1020 563 1100 ponendi
580 1018 658 1081 Fata
673 1019 842 1083 dedissent.

84 1122 179 1190 Qua
194 1120 276 1199 licet,
291 1133 428 1185 aeternus
443 1132 549 1185 tamen
564 1143 615 1185 es:
641 1122 824 1205 quotiesque
840 1121 960 1205 repellit
1080 1124 1125 1188 80

86 1225 166 1289 Ver
181 1226 328 1304 hiemem,
344 1226 487 1308 Piseique
503 1226 592 1289 Aries
608 1226 749 1291 succedit
763 1248 891 1310 aquoso,
951 1264 953 1269 ·

85 1328 152 1390 Tu
172 1330 262 1393 toties
277 1330 382 1408 oreris,
398 1330 548 1412 viridique
565 1330 596 1393 in
613 1330 731 1412 cespite
747 1351 866 1395 vernas.

143 1433 279 1518 Jamque
297 1434 361 1499 sere
378 1436 500 1499 medius
516 1436 612 1499 Titan
627 1436 780 1499 venientis
796 1447 829 1500 et
842 1446 922 1501 actm

89 1538 213 1603 Noctis
228 1551 305 1618 erat,
320 1541 482 1623 spatioque
499 1542 563 1623 pari
578 1541 714 1605 distabat
729 1541 903 1624 utrimque;

89 1644 241 1728 Corpora
256 1657 341 1710 veste
357 1646 471 1725 levant,
487 1659 520 1709 et
535 1668 631 1711 succo
647 1647 769 1730 pinguis
785 1647 856 1711 olivi

91 1748 346 1832 splendescunt,
361 1749 477 1832 latique
492 1750 602 1814 ineunt
616 1752 786 1814 certamina
802 1750 889 1815 disci.

39 1913 43 1924 ,
92 1854 210 1923 Quem
225 1853 309 1936 priris
323 1854 422 1918 addas
436 1855 582 1919 libratum
597 1855 734 1918 Phoebus
749 1856 781 1919 in
797 1877 889 1919 auras

96 1957 200 2035 Misit,
215 1967 248 2020 et
262 1959 420 2041 oppositas
436 1959 558 2043 disjecit
573 1961 712 2041 pondere
729 1958 837 2021 nubes.

95 2063 227 2127 Recidit
242 2062 274 2125 in
291 2062 423 2127 solidam
438 2062 533 2146 longo
548 2063 618 2144 pdst
634 2076 773 2145 tempore
790 2074 902 2127 terram

94 2168 239 2246 Pondus,
255 2178 288 2233 et
301 2168 442 2231 exhibuit
453 2169 595 2253 junctam
610 2190 684 2233 cum
699 2168 813 2233 viribus
828 2180 937 2234 artem.

95 2272 246 2337 Protinus
261 2274 451 2355 imprudens,
467 2284 618 2356 actusque
632 2274 782 2357 cupidine
798 2274 874 2353 ludi,

95 2376 224 2441 Tollere
240 2377 422 2441 Taenarides
436 2377 543 2441 orbem
558 2378 759 2461 properabat:
784 2390 817 2443 at
833 2378 920 2444 illum

95 2480 187 2545 Dura
202 2503 417 2565 repercussum
433 2466 564 2567 subjecit
581 2483 612 2546 iu
628 2487 702 2547 aiira
718 2484 808 2547 tellus

96 2588 136 2651 ln
154 2587 267 2665 vultus,
283 2586 474 2671 Hyacinthe,
490 2599 570 2651 tuos.
618 2588 777 2670 Expalluit
792 2589 882 2671 aequb

99 2692 151 2756 Ac
166 2714 253 2777 puer,
269 2692 336 2775 ipse
352 2694 440 2769 deus,
457 2691 670 2775 collapsosque
687 2694 803 2775 excipit
818 2702 920 2768 artus;

99 2798 143 2861 Et
157 2798 252 2861 modo
268 2808 299 2861 te
314 2798 443 2876 refovet,
458 2798 554 2861 modo
571 2798 667 2863 tristia
683 2796 809 2861 vulnera
824 2797 931 2874 siccat,

98 2904 131 2966 N
134 2925 197 2967 unc
211 2903 348 2966 animam
362 2904 495 2967 admotis
511 2903 682 2986 lugientem
698 2900 830 2963 sustinet
844 2899 958 2965 herbis.

99 3007 154 3071 Nil
171 3018 300 3089 prosunt
315 3018 406 3085 artes,
422 3018 488 3071 erat
503 3003 730 3070 immedicabile
746 3005 868 3068 vulnus.

98 3113 144 3176 Ut
159 3112 185 3175 si
200 3112 269 3196 quis
284 3110 390 3190 violas,
406 3112 532 3194 riguove
548 3130 682 3192 papaver
697 3109 730 3171 in
745 3109 846 3186 horto,

98 3217 240 3299 Liliaque
256 3217 412 3300 infringat,
429 3217 517 3279 fulvis
533 3214 684 3276 haerentia
700 3213 792 3295 virgis
805 3235 814 3289 ;
1058 3221 1122 3283 100

98 3322 242 3385 Marcida
257 3322 423 3385 demittant
436 3316 538 3380 subito
553 3329 649 3400 caput
664 3317 716 3381 illa
729 3328 901 3401 gravatum,

99 3429 171 3493 Nec
186 3450 219 3491 se
235 3430 416 3503 sustineant,
433 3434 636 3508 spectentque
653 3427 816 3490 cacumine
832 3437 961 3494 terram:

101 3534 156 3597 Sic
173 3532 273 3597 vultus
287 3532 421 3595 moriens
433 3531 527 3614 jacet,
543 3541 576 3594 et
591 3531 716 3595 defecta
731 3532 836 3614 vigore

99 3638 172 3723 Ipsa
186 3638 244 3701 sibi
259 3646 307 3700 est
322 3635 409 3699 oneri
424 3636 538 3713 cervix,
555 3636 748 3719 humeroque
764 3636 926 3701 recumbit.

369 3746 409 3805 10
