2567 4209
530 290 627 341 BOOK
651 290 725 341 x111.

34 492 38 495 «
83 457 282 536 Thersites,
298 459 393 523 etiarn
408 481 464 542 per
477 481 528 525 me
543 461 629 525 haud
645 461 784 543 impune,
800 460 960 544 protervis.

89 560 234 644 Erigor,
250 576 282 627 et
297 564 435 648 trepidos
449 566 532 628 cives
547 565 693 629 exhortor
708 566 740 629 in
757 566 896 629 hostem:

92 667 331 751 Amissamque
347 670 419 733 mei
432 670 578 733 virtutem
594 692 671 734 voce
688 692 828 753 reposco.
1068 674 1133 735 235

93 774 271 855 Tempore
285 773 326 837 ab
341 773 411 853 hoc,
427 776 637 857 quodcunque
653 784 756 858 potest
771 775 881 839 fecisse
897 775 996 839 videri

95 876 247 941 Fortiter
261 879 329 957 iste,
345 901 450 943 meum
466 890 530 943 est:
555 881 609 962 qui
624 881 753 943 dantem
770 891 857 963 terga
872 880 995 944 retraxi.

154 982 303 1065 Denique
318 985 359 1047 de
374 984 493 1048 Danais
508 985 577 1067 quis
592 997 623 1049 te
639 985 785 1049 laudatve
800 986 940 1068 petitve?

101 1086 157 1151 At
173 1110 231 1151 sua
246 1089 386 1173 Tydides
401 1112 525 1155 mecum
541 1090 753 1155 communicat
767 1102 855 1155 acta:

103 1192 170 1255 Me
187 1193 312 1276 probat:
337 1204 370 1257 et
385 1196 471 1259 socio
485 1217 607 1278 semper
622 1196 754 1259 confidit
769 1195 890 1279 Ulysse.
1070 1200 1136 1260 240

108 1297 173 1360 Est
187 1298 314 1381 aliquid,
330 1299 370 1363 de
387 1309 434 1363 tot
448 1301 613 1364 Graiorum
630 1300 774 1378 millibus,
791 1322 889 1363 unum

109 1404 143 1466 A
161 1403 316 1468 Diomede
331 1405 403 1487 legi.
449 1405 521 1469 Nec
535 1428 586 1469 me
602 1428 668 1469 sors
684 1407 727 1469 ire
739 1406 887 1491 jubebat:

111 1510 173 1573 Sic
188 1520 292 1573 tamen
308 1522 341 1573 et
356 1522 461 1593 spreto
474 1512 636 1595 noctisque
653 1511 810 1593 hostisque
831 1511 958 1597 periclo,

112 1616 239 1679 Ausum
254 1618 376 1694 eadem,
391 1638 462 1700 quae
476 1638 544 1695 nos,
561 1617 695 1701 Phrygia
710 1619 751 1681 de
765 1628 860 1700 gente
876 1616 1000 1682 Dolona

113 1721 285 1785 Interimo:
310 1744 373 1785 non
388 1723 460 1785 ante
477 1733 592 1800 tamen,
608 1724 703 1805 quim
719 1734 832 1786 cuncta
848 1723 939 1805 coligi
1071 1726 1136 1786 245

113 1827 261 1905 Prodere,
278 1838 310 1890 et
325 1828 450 1904 edidici,
465 1828 541 1910 quid
557 1828 676 1910 perfida
690 1829 786 1912 Troja
802 1837 934 1909 pararet.

112 1932 234 1995 Omnia
248 1933 434 2013 cognbram:
460 1954 529 2008 nec,
545 1932 629 2013 quod
645 1930 831 2014 specularer,
847 1930 1018 1995 habebam:

117 2038 162 2100 Et
172 2038 236 2121 jam
253 2037 403 2120 promissi
418 2048 558 2118 poteram
574 2058 646 2099 cum
663 2036 756 2098 laude
772 2035 893 2099 reverti.

116 2142 214 2207 Haud
229 2152 395 2205 contentus
410 2143 459 2219 ed,
475 2142 551 2224 petii
567 2141 702 2205 tentoria
717 2140 826 2217 Rhesi,

117 2250 216 2330 Inque
232 2247 294 2311 suis
308 2248 410 2330 ipsum
426 2248 533 2311 eastris
548 2247 740 2329 comitesque
756 2246 883 2329 peremi.
1072 2249 1138 2309 250

119 2355 222 2436 Atque
238 2354 280 2416 ita
296 2353 420 2435 captivo
436 2352 533 2416 victor
548 2352 689 2435 votisque
705 2353 831 2436 potitus,

118 2458 278 2541 Ingredior
292 2479 384 2521 curru
398 2458 487 2520 laetos
501 2458 643 2520 imitante
661 2457 849 2538 triumphos3
996 2528 999 2531 ,

119 2562 214 2647 Cujus
229 2584 326 2645 equos
341 2549 476 2643 pretium
491 2583 549 2645 pro
563 2569 656 2624 nocte
672 2571 856 2643 poposcerat
872 2562 977 2639 hortis,

122 2670 216 2732 Arma
231 2678 343 2750 negate
358 2667 452 2729 mihi:
478 2666 630 2749 fueritque
646 2665 808 2747 benignior
824 2665 914 2749 Ajax.

165 2774 252 2843 Quid
267 2773 357 2856 Lycii
373 2775 504 2835 reseram
522 2772 714 2854 Sarpedonis
729 2772 854 2853 agmina
870 2772 950 2834 ferro
1071 2774 1136 2836 255

123 2876 288 2942 Devastata
302 2880 395 2942 meo?
441 2878 526 2941 Cum
540 2876 640 2940 multo
656 2877 806 2960 sanguine
823 2876 890 2940 fudi

124 2984 285 3060 Ceranon,
301 2982 496 3065 Hippasiden
511 2992 553 3059 et,
571 2981 785 3064 Alastoraque,
801 2982 1055 3064 Chromiumque,

126 3088 382 3170 Alcandrumque,
398 3086 598 3168 Haliumque,
616 3086 854 3168 Noemonaque,
871 3086 1093 3168 Prytaninque,

127 3193 283 3274 Exitioque
299 3191 373 3255 dedi
388 3213 461 3255 cum
476 3191 733 3253 Chersidamante
749 3190 893 3266 Thoona,

128 3300 164 3361 Et
177 3297 351 3379 Charopen,
368 3296 498 3377 latisque
514 3294 684 3357 immitibus
700 3293 866 3356 Ennomon
882 3304 1005 3357 actum:
1073 3297 1138 3357 260

128 3403 246 3484 Quique
261 3401 363 3474 minus
378 3399 515 3464 celebres
531 3399 636 3462 nostri
650 3398 707 3462 sub
722 3398 876 3461 moenibus
892 3398 976 3463 urbis

128 3506 316 3571 Procubuere
332 3525 437 3567 manu.
484 3506 566 3568 Sunt
581 3503 703 3566 etmihi
719 3502 856 3579 vulnera,
873 3503 968 3578 cives,

128 3612 192 3695 Ipso
206 3608 334 3693 pulchra
350 3608 437 3671 loco:
463 3629 523 3671 nec
538 3608 624 3669 vanis
640 3608 757 3669 credite
773 3606 891 3667 verbis:

130 3715 258 3800 Aspicite
274 3734 315 3777 en
326 3714 353 3776 i'
375 3712 569 3798 (vestemque
585 3729 680 3772 manu
697 3706 832 3791 diducit)
850 3716 893 3781 et,
910 3704 1011 3765 ‘Haec
1026 3706 1099 3757 sunt

389 3817 459 3878 12*
