2567 4209
568 174 577 228 t

477 278 486 308 ¹-
578 246 677 399 lippit
699 276 720 326 1.

255 584 258 590 ⁴
325 586 328 591 ·
373 600 375 605 -
427 568 498 616 ’ΠΕ
524 568 635 617 uma
662 570 889 617 REPROPIAED(

584 746 616 789 v.
638 726 715 789 348.
765 796 768 801 ,

182 862 341 929 Redditus
354 862 437 927 orbis
452 872 528 927 erat.
575 864 685 933 Quem
699 872 864 946 postquam
878 862 958 927 vidit
971 862 1110 939 inanem,
1127 871 1129 874 ’

139 965 182 1031 Et
196 968 351 1034 desolatas
364 984 458 1051 agere
473 968 537 1032 alta
552 966 677 1032 silentia
690 968 799 1047 terras,

138 1064 325 1151 Deucalion,
340 1071 485 1157 lucrymis
500 1074 544 1138 ita
559 1072 838 1157 Pyrrhumuffatur
851 1072 986 1137 obortis:
1095 1074 1164 1137 350

140 1176 192 1240 ‘O
207 1199 302 1255 soror,
315 1199 335 1241 o
350 1178 475 1263 conjux,
490 1199 511 1242 o
526 1178 642 1243 femina
657 1178 724 1242 solu
738 1189 906 1261 superstes,

140 1281 247 1351 Quam
264 1304 431 1345 commune
440 1282 523 1346 -mibi
538 1279 649 1365 genus,
665 1294 698 1345 et
713 1282 861 1365 patruelis
875 1282 973 1364 origo,

138 1384 264 1449 Deinde
280 1397 375 1450 torus·
378 1388 492 1471 junxit,
509 1408 595 1450 nuno
610 1388 678 1470 ipsu
693 1386 831 1470 pericula
841 1388 999 1471 jungunt3

139 1491 318 1569 Terrarum,
334 1504 537 1574 quascunque
553 1492 662 1564 vident
677 1513 808 1556 ooousus
823 1502 859 1554 et·
870 1502 967 1569 ortus,

138 1595 208 1659 Nos
223 1597 287 1659 duo
302 1596 393 1661 turba
407 1608 535 1675 sumus3
557 1598 697 1681 possedit
710 1609 817 1661 uetera
831 1606 957 1679 pontus.
1095 1596 1163 1659 ³5⁵

138 1700 173 1764 N
175 1722 237 1763 unc
251 1722 375 1785 quoque
391 1702 496 1766 adhue
511 1702 584 1765 vitas
601 1723 665 1765 non
680 1712 730 1766 est
744 1702 862 1765 fiducia
876 1711 991 1768 nostrae

138 1804 234 1867 Certe
248 1806 339 1871 satis:
364 1816 481 1870 terrent
495 1807 667 1871 etiamnum
682 1806 790 1870 nubila
803 1816 954 1872 mentem.

138 1909 230 1979 Quid
246 1910 312 1987 tibi,
328 1912 353 1973 si
369 1912 436 1973 sine
451 1911 585 1987 mesatis
599 1906 709 1993 erepta
724 1911 843 1988 fuisses,
876 1925 879 1931 “

139 2014 173 2081 N
175 2036 237 2078 unc
252 2015 360 2092 animi,
376 2014 563 2091 miseranda,
579 2014 682 2078 soret?
705 2036 768 2097 quo
783 2016 849 2078 solu
863 2014 1007 2078 timorem
1038 1998 1046 2032 ¹

139 2120 234 2185 Ferre
249 2120 346 2183 modo
360 2122 489 2203 posses?
513 2140 575 2201 quo
591 2119 783 2196 consolante,
800 2120 944 2184 doleres?
1096 2121 1164 2189 360

141 2225 287 2310 Namque
303 2246 373 2309 ego,
390 2224 585 2307 credemihi,
602 2225 627 2288 si
645 2235 674 2288 te
690 2224 785 2288 modd
800 2234 916 2307 pontus
931 2224 1070 2304 heberet,

140 2331 190 2394 Te
207 2352 360 2413 sequerer,
377 2332 509 2416 conjux:
534 2341 567 2394 et
580 2350 633 2393 me
650 2351 774 2413 quoque
789 2339 907 2412 pontus
920 2328 1059 2393 haberet.

140 2434 174 2497 Ο
188 2435 307 2499 utinam
322 2436 438 2517 possim
453 2434 585 2519 populos
601 2454 745 2517 reparare
759 2434 898 2516 paternis
982 2451 986 2458 ·

142 2535 282 2616 Artibus,
298 2550 393 2622 atque
407 2542 527 2603 animas
542 2540 684 2603 sormatae
699 2539 865 2602 infundere
881 2548 970 2603 terrae
983 2539 992 2602 l

141 2644 175 2707 N
177 2666 239 2707 unc
253 2666 353 2727 genus
369 2646 401 2707 in
417 2646 507 2709 nobis
522 2654 617 2709 restat
632 2644 763 2708 mortale
777 2643 911 2722 duobus,
1052 2670 1054 2676 ·
1097 2646 1163 2709 365

142 2748 199 2814 Sic
215 2748 321 2813 visum.
330 2750 458 2832 superis,
475 2750 700 2832 hominumque
715 2749 859 2832 exempla
873 2750 1058 2813 manemus!

186 2852 325 2932 Dixerat,
342 2864 374 2917 et
388 2854 527 2917 flebunt
562 2854 684 2919 Placuit
698 2855 826 2919 eoeleste
842 2855 961 2937 preeari

142 2956 282 3036 Numen,
297 2968 330 3022 et
344 2958 493 3023 auxilium
509 2978 565 3041 per
580 2980 839 3041 sacras-quaerere
854 2971 961 3023 sortes.

142 3064 239 3136 Nulla
252 3086 339 3129 mora
353 3076 419 3143 est3
443 3065 562 3129 adeunt
577 3067 692 3147 puriter
707 3066 892 3147 Cephisidas
907 3068 1018 3146 undas,

141 3170 187 3233 Ut
203 3170 343 3233 nondum
359 3169 502 3253 liquidas,
518 3169 563 3235 sie
574 3169 639 3253 jam
655 3169 737 3233 vada
751 3180 828 3233 nota
842 3180 994 3235 seoantes.
1097 3174 1165 3237 nto

140 3276 231 3355 Inde,
248 3277 300 3340 ubi
316 3277 426 3340 libatos
441 3278 609 3341 irroravtlre
625 3278 761 3361 liquores

141 3381 288 3447 Vestibus
303 3392 337 3443 et
351 3382 455 3464 cupiti,
471 3383 603 3447 flectunt
618 3384 750 3466 vestigia
764 3396 881 3451 sancta

141 3485 195 3551 Ad
210 3485 341 3549 delubra
355 3487 435 3564 deae,
451 3507 584 3569 quorum
600 3488 723 3569 fastigia
738 3490 822 3572 turpi

140 3591 335 3673 Squalebant
350 3612 469 3669 musco,
485 3592 671 3674 stabantque
687 3592 755 3655 sine
770 3593 895 3675 ignibus
909 3615 983 3659 urae.

140 3694 185 3759 Ut
201 3695 309 3778 templi
325 3696 456 3778 tetigere
470 3688 595 3779 gradus,
611 3697 790 3783 procumbit
803 3700 935 3778 uterque
1096 3696 1164 3757 att
