2567 4209
161 330 206 393 63
441 320 562 371 ovln¹s
583 320 915 371 Muvnmonrnosns.

161 490 390 577 circumspexit
405 492 514 569 Athin,
530 512 625 574 seque
640 490 811 555 adclinavit
824 491 859 553 in
873 490 974 568 ilium,

163 596 205 663 Et
221 597 291 663 tulit
305 598 346 662 ad
361 618 470 661 manes
481 598 600 682 junctae
616 594 727 659 solatia
741 596 860 659 mortis.

208 702 239 766 N
242 724 279 766 ec
294 703 432 767 Phineus
446 722 541 766 ausus
554 720 741 765 concurrere
756 700 899 763 cominus
914 700 1011 778 hosti,

163 807 326 890 intorquet
337 806 495 893 jaculum3
518 806 604 889 quod
619 804 733 869 detulit
747 826 832 867 error
846 805 878 867 in
894 805 987 882 ldan,
1158 810 1197 871 '15

163 910 331 995 Expertem
349 912 461 975 frustra
474 909 557 988 beili,
573 920 606 973 et
621 922 734 973 neutra
747 931 835 972 arma
849 921 1008 973 secutum.
1262 905 1263 912 '

162 1015 219 1081 Ille
234 1028 326 1080 tuens
341 1016 439 1079 oculis
455 1015 605 1079 immitem
621 1014 742 1077 Phinea
757 1014 862 1092 torvis,
1262 1053 1263 1096 ,

164 1121 451 1205 ‘Quandoquidem
467 1120 499 1183 in
520 1119 645 1202 partes,’
662 1119 716 1195 ait,
733 1119 900 1197 ‘attrahor,
915 1120 1043 1202 accipe,
1060 1121 1200 1199 Phineu,

163 1228 272 1297 Quem
288 1226 386 1291 fecisti
403 1226 535 1303 hostem,
551 1244 711 1307 pensaque
727 1225 788 1287 hoc
802 1224 931 1287 vulnere
946 1225 1094 1289 vulnus.²

163 1330 297 1416 Jamque
313 1331 494 1395 remissurus
510 1340 642 1393 tractum
659 1330 700 1392 de
716 1350 846 1410 corpore
862 1328 970 1407 telum,
1161 1334 1203 1395 80

164 1438 326 1521 Sanguine
342 1436 482 1501 desectos
497 1434 611 1500 cecidit
625 1434 781 1516 collapsus
796 1435 829 1496 in
843 1445 938 1498 artus.

207 1541 272 1607 Hic
286 1560 410 1624 quoque
425 1540 612 1622 Cephenum
627 1551 700 1621 post
713 1560 819 1622 regem
835 1540 951 1621 primus
966 1540 1091 1603 Odites

164 1644 248 1709 Ense
257 1645 342 1730 jacet
357 1644 518 1728 Clymeni:
544 1645 715 1708 Protenora
730 1644 861 1727 perculit
875 1644 1047 1727 Hypseus:

163 1748 294 1833 Hypsea
309 1749 477 1833 Lyncides.
524 1750 597 1813 Fuit
611 1760 645 1813 et
658 1751 845 1832 grandaevus
860 1749 892 1811 in
908 1749 967 1812 illis

164 1854 344 1934 Emathion,
360 1855 442 1937 aequi
457 1853 567 1933 cultor,
583 1855 772 1937 timidusque
788 1856 935 1919 deorum:
1159 1860 1203 1922 85

165 1958 273 2031 Quem
289 1961 436 2044 quoniam
453 1960 619 2043 prohibent
634 1960 709 2023 anni
725 1960 850 2037 bellare,
866 1959 1026 2042 loquendo

163 2064 298 2149 Pugnat,
315 2076 347 2129 et
363 2066 499 2143 incessit,
516 2064 727 2145 scelerataque
743 2065 878 2127 devovet
891 2086 988 2127 arma.

164 2170 250 2235 Huic
265 2170 409 2233 Chromis
424 2169 569 2252 amplexo
586 2169 724 2232 tremulis
738 2168 848 2233 altaria
863 2170 972 2251 palmis

163 2272 304 2337 Demetit
318 2295 393 2338 ense
409 2285 515 2357 caput,
531 2276 615 2357 quod
631 2274 772 2356 protinus
788 2274 897 2338 incidit
911 2296 991 2338 aroe:

164 2377 270 2462 Atque
285 2378 329 2443 ibi
344 2378 506 2443 semanimi
524 2380 616 2443 verba
631 2379 825 2443 exsecrantia
839 2379 948 2462 lingui
1155 2387 1200 2448 90

164 2482 284 2563 Edidit,
300 2494 333 2549 et
348 2485 467 2549 medios
482 2486 617 2549 annnam
633 2484 800 2567 exspiravit
814 2484 847 2547 in
862 2485 961 2567 ignes.

163 2589 238 2655 Plus
254 2600 359 2655 temen
374 2590 525 2654 exhausto
541 2600 701 2673 superest:
725 2610 860 2671 namque
876 2591 1020 2654 omnibus
1035 2613 1144 2657 unum

163 2695 351 2779 Opprimers
366 2707 415 2759 est
428 2696 560 2759 animus.
606 2694 776 2779 Cony'urata
791 2696 930 2778 undique
946 2707 1093 2779 pugnant

164 2799 301 2882 Agmina
316 2820 372 2883 pro
387 2802 483 2864 causa
498 2800 642 2864 meritum
658 2801 862 2883 impugnante
878 2802 1047 2884 fidemque.

163 2903 236 2967 Hac
250 2924 307 2985 pro
323 2914 410 2986 parte
426 2924 514 2966 socer
530 2904 642 2969 frustra
658 2906 726 2988 pius
738 2916 771 2970 et
785 2928 868 2970 nova
882 2908 997 2991 conjux
1149 2913 1193 2976 95

163 3006 245 3071 Cum
261 3008 412 3092 genitrice
428 3008 544 3086 favent,
560 3010 742 3093 ululatuque
757 3011 835 3074 atria
850 3012 1019 3094 complent.

165 3113 230 3178 Sed
246 3135 342 3178 sonus
356 3135 512 3178 armorum
528 3126 664 3197 superat,
680 3115 876 3198 gemitusque
892 3117 1080 3182 cadentum:

164 3218 364 3302 Pollutosque
380 3219 476 3282 semel
492 3219 590 3283 multo
606 3220 737 3283 Bellona
751 3220 885 3284 Penates

165 3322 327 3403 Sanguine
343 3324 511 3405 perfundit,
528 3334 738 3406 renovataque
754 3326 863 3407 proelia
877 3326 998 3389 miscet.

209 3424 380 3489 Circueunt
395 3446 493 3488 unum
509 3426 648 3490 Phineus
662 3439 695 3491 et
709 3429 793 3492 mille
809 3431 909 3494 secuti
1129 3440 1193 3501 100

163 3528 293 3595 Phinea.
340 3530 421 3594 Tela
435 3529 541 3594 volant
557 3530 687 3596 hibernia
701 3534 854 3615 grandine
870 3534 960 3617 plura

163 3633 281 3699 Praeter
296 3646 461 3717 utrumque
477 3634 567 3713 latus,
584 3648 759 3718 praeterque
774 3649 807 3701 et
823 3638 931 3702 iumen
946 3651 979 3704 et
994 3661 1097 3707 aures.
