2567 4209
549 297 647 347 soor<
669 297 716 347 xr.
1080 304 1138 364 121

78 460 322 529 Occidimus:
346 465 432 531 salaae
448 466 504 531 tibi
517 487 570 532 me
585 467 764 549 promittere
780 467 855 532 noli.
978 466 981 471 ’

80 565 254 632 Nubilus
272 569 751 656 AEgreodeprenditinaequore
767 573 871 637 navim
1075 576 1141 637 300

82 669 241 752 Auster,
262 686 294 738 et
308 676 427 759 ingenti
439 678 589 761 jactatam
604 678 729 741 flamine
744 677 852 759 solvit:

84 776 244 861 Oraque
263 791 376 859 nostra,
393 793 482 846 tuum
496 783 610 847 frustra
624 783 791 847 clamantia
805 804 932 862 nornen,

84 881 294 966 Implerunt
307 887 430 953 fluctus.
477 888 552 952 Non
568 888 638 953 haec
652 888 708 952 tibi
724 890 847 953 nuntiat
861 899 970 954 auctor

88 989 312 1073 Ambiguus:
334 1014 401 1057 non
416 993 475 1057 ista
490 994 576 1077 vagis
591 994 766 1057 rumoribus
781 995 888 1059 audis:

73 1109 77 1118 '
91 1094 174 1176 lpse
194 1118 266 1180 ego
281 1096 345 1163 fata
359 1097 415 1161 tibi
431 1120 568 1181 praesens
582 1121 654 1163 mea
670 1099 837 1183 naufragus
852 1103 924 1165 edo.
1074 1104 1139 1167 305

93 1202 227 1283 Surge,
245 1224 323 1285 age:
348 1204 390 1268 da
404 1203 566 1287 lacrymas,
582 1205 786 1289 lugubriaque
802 1206 919 1285 indue;
943 1228 1004 1272 nec
1018 1228 1069 1271 me

95 1305 353 1389 indeploratum
368 1308 426 1373 sub
441 1309 548 1373 inania
561 1311 694 1375 Tartara
708 1312 818 1375 mitte.’

98 1410 234 1496 Adjicit
250 1414 298 1476 his
313 1435 423 1479 vocem
439 1414 623 1497 Morpheus,
639 1438 734 1499 quam
750 1417 890 1502 conjugis
906 1416 958 1481 illa

96 1515 268 1583 Crederet
275 1540 351 1583 esse
366 1520 424 1583 sui.
470 1519 577 1585 Fletus
591 1522 716 1604 quoque
733 1522 864 1587 sundere
881 1543 970 1587 veros

103 1620 206 1685 Visus
223 1633 309 1689 erat:
333 1636 519 1707 gestumque
533 1648 646 1690 manus
662 1626 774 1711 Ceycis
791 1628 958 1693 habebant.
1073 1632 1139 1691 310

149 1728 297 1811 Ingemit
312 1729 475 1814 Halcyone
490 1729 674 1814 lacrymam,
690 1743 851 1816 metatque
866 1733 998 1799 lacertos

106 1832 169 1896 Per
186 1855 355 1912 somnum3
379 1857 554 1919 corpusque
570 1848 681 1919 petens
697 1837 895 1921 amplectitur
910 1859 1019 1903 auras:

106 1938 353 2023 Exclamatque,
371 1941 497 2004 ‘Mane
544 1942 620 2011 Quo
635 1952 667 2005 te
683 1943 787 2025 rapis?
811 1942 924 2007 ibimus
940 1942 1024 2006 unit.²

106 2044 202 2109 Voce
220 2046 288 2123 sut,
304 2046 470 2129 specieque
486 2046 542 2110 viri
558 2048 691 2125 turbata,
708 2068 851 2130 soporem

108 2148 261 2214 Excutit:
287 2162 319 2215 et
334 2151 444 2234 primo,
461 2152 486 2216 si
502 2152 551 2230 sit,
567 2150 788 2236 circumspicit,
805 2152 877 2232 illic,
1074 2157 1140 2217 315

108 2255 190 2324 Qua
207 2257 401 2333 modovisus
416 2268 492 2320 erat.
539 2258 623 2321 Nam
639 2259 716 2321 moti
733 2280 808 2322 voce
824 2259 955 2323 ministri

110 2360 290 2425 Intulerant
305 2361 422 2426 lurnen.
470 2364 638 2448 Postquam
656 2386 719 2428 non
737 2364 855 2428 invenit
869 2386 1012 2449 usquam,

110 2465 254 2531 Percutit
269 2490 324 2532 ora
338 2490 444 2547 manu,
460 2468 618 2551 laniatque
633 2492 654 2533 a
668 2481 794 2552 pectore
811 2482 923 2548 vestes,

113 2570 309 2655 Pectoraque
324 2574 394 2655 ipsa
408 2573 488 2637 serit.
534 2574 606 2638 Nec
620 2575 739 2639 crinem
755 2574 872 2639 solvere
889 2586 996 2654 curat3

114 2677 259 2743 Scindit:
283 2689 317 2743 et
331 2678 441 2757 altrici,
456 2700 527 2761 quae
544 2679 645 2743 luctirs
661 2676 765 2758 causa,
781 2680 914 2763 roganti,
1074 2683 1140 2743 320

115 2783 233 2848 ‘Nulla
247 2795 295 2848 est
310 2784 485 2869 Halcyone,
502 2786 587 2849 nulla
601 2786 669 2864 est,'
686 2786 748 2863 ait3
773 2785 908 2851 ‘occidit
923 2786 987 2851 umi

116 2888 198 2952 Cum
214 2889 318 2975 Ceyce
334 2912 401 2955 suo.
449 2892 591 2955 Solantia
606 2892 703 2957 tollite
720 2892 823 2957 verba.

117 2993 296 3078 Naufragus
311 2995 437 3059 interiit.
484 2997 568 3074 Vidi,
583 2998 771 3081 agnovique,
788 3018 961 3081 manusque

119 3100 170 3163 Ad
185 3101 411 3179 discedentem,
427 3102 557 3184 cupiens
572 3102 716 3179 retinere,
733 3102 863 3165 tetendi.

118 3204 237 3269 Umbra
251 3205 326 3270 fuit:
351 3207 408 3271 sed
424 3218 456 3269 et
471 3206 582 3270 umbra
598 3218 704 3270 tamen
720 3205 894 3283 manifesta,
910 3206 1028 3290 virique
1073 3210 1140 3273 325

118 3309 200 3373 Vera
214 3311 287 3375 mei.
334 3312 409 3377 Non
425 3312 475 3376 ille
491 3312 630 3395 quidem,
647 3312 672 3375 si
687 3312 810 3395 quaeris,
827 3311 963 3377 habebat

119 3417 275 3481 Adsuetos
290 3418 414 3494 vultus3
438 3440 507 3497 nec,
524 3440 588 3502 quo
602 3419 696 3501 priris,
713 3440 766 3483 ore
782 3419 911 3483 nitebat.

119 3520 289 3586 Pallentem
303 3524 486 3605 nudumque
502 3535 534 3587 et
548 3525 654 3589 adhuc
670 3524 819 3589 humente
836 3523 949 3606 capillo

120 3625 228 3693 lnselirr
244 3628 325 3692 vidi:
349 3628 436 3695 stetit
451 3630 512 3693 hoc
526 3629 706 3693 miserabilis
723 3631 791 3711 ipso

122 3732 201 3797 Ecce
216 3732 305 3797 loco:
318 3734 326 3763 '
351 3744 384 3796 et
399 3734 520 3815 querit,
536 3733 667 3815 vestigia
682 3734 707 3796 si
724 3754 786 3815 qua
801 3732 967 3813 supersint.
1075 3732 1142 3791 330

390 3844 425 3900 ll
