2567 4209
565 300 707 351 socri.
1109 306 1151 369 15

131 470 236 535 Mollit
250 471 348 554 equis,
364 470 476 553 partim
491 469 632 555 subjecto
649 470 757 535 torruit
770 469 845 553 igni.

131 575 224 645 Quos
239 574 330 639 simul
345 575 494 658 imposuit
506 576 632 653 mensis,
648 595 709 657 ego
724 575 848 637 vindice
863 572 991 637 flammai
1084 576 1151 639 230

130 680 169 744 In
185 680 314 744 domino
328 680 440 763 dignos
453 680 550 743 everti
566 690 650 743 tecta
664 680 808 743 Penates.

130 784 272 849 Territus
287 784 338 847 ille
353 784 444 867 sugit,
461 794 633 866 nactusque
649 784 771 847 silentia
786 784 866 847 ruris

131 887 290 966 Exululat,
305 888 479 971 frustraque
495 888 578 971 loqui
594 901 743 952 conatur:
766 888 893 971 abipso

129 993 256 1075 Colligit
272 1014 307 1055 os
322 993 449 1070 rabiem,
466 993 626 1075 solitaequo
641 994 790 1075 cupidine
804 993 901 1056 caedis

121 1098 269 1165 .Vertitur
283 1097 316 1161 in
331 1098 480 1179 pecudes,
495 1107 528 1160 et
542 1118 628 1161 nunc
642 1118 766 1180 quoque
781 1098 935 1181 sanguiue
948 1098 1078 1179 gaudet.

130 1200 169 1265 ln
184 1200 271 1265 villos
286 1202 404 1265 abeunt
419 1212 530 1278 vestes,
546 1202 579 1265 in
594 1222 684 1265 crura
699 1200 808 1265 lacerti
818 1224 847 1274 ε,
1082 1202 1149 1267 2³6

131 1304 181 1369 Fit
196 1304 297 1388 lupus,
314 1316 347 1370 et
362 1306 474 1369 veteris
489 1316 590 1368 servat
604 1306 735 1387 vestigia
749 1306 868 1371 forme.

129 1410 268 1473 Canities
284 1410 395 1473 eadem
412 1419 470 1486 est,
486 1410 597 1473 eadem
612 1409 763 1473 violentia
777 1409 883 1486 vultu;

130 1514 220 1579 Idem
235 1514 318 1578 oculi
333 1514 449 1591 lucent,
465 1514 577 1577 eadem
592 1514 722 1577 feritatis
737 1514 851 1597 imago.

174 1620 303 1683 Occidit
317 1640 381 1683 una
395 1620 525 1696 domus3
550 1620 604 1683 sed
621 1638 686 1681 nou
701 1619 814 1682 domus
829 1640 893 1683 una
908 1619 1008 1703 perire
1083 1622 1150 1684 240

129 1722 235 1805 Digna
250 1724 317 1787 luit.
364 1723 440 1791 Qua
454 1733 536 1785 terra
550 1733 647 1804 patet,
663 1722 730 1785 fera
743 1734 853 1805 regnat
868 1722 1014 1807 Erinnys.

129 1827 167 1892 ln
182 1828 304 1893 facinus
315 1828 434 1913 jurdsse
450 1838 554 1910 putes.
596 1826 684 1889 Dent
698 1828 783 1890 ocius
798 1848 919 1904 omnes,

129 1932 220 2003 Quas
236 1934 377 1997 meruere
393 1932 467 2014 peti,
486 1930 546 2017 (sic
561 1940 623 1993 stat
637 1921 806 2015 senteutid)
826 1932 954 2012 poenasss

382 2180 451 2223 ΤΗΕ
474 2180 604 2222 DDLUGE
633 2180 673 2221 OF
696 2179 893 2223 onucmort.

573 2337 603 2378 v.
627 2319 703 2379 244.

128 2456 223 2521 Dicta
237 2454 323 2519 Jovis
338 2476 408 2538 pars
424 2474 501 2519 voce
516 2454 660 2537 probant,
675 2453 879 2537 stimulosque
894 2454 1009 2519 liuenti

129 2560 312 2646 Adjiciunt3
335 2559 387 2623 alii
403 2570 506 2643 partes
521 2559 706 2630 adsensibus
720 2558 862 2641 implent.
1079 2558 1147 2623 245

131 2665 187 2729 Est
202 2676 306 2728 tamen
322 2663 449 2727 humani
464 2664 587 2746 generis
598 2664 722 2749 jactum
736 2662 835 2726 dolori
990 2681 993 2686 ·

127 2768 301 2848 Omnibus;
324 2778 367 2846 et,
384 2790 454 2851 quae
470 2768 509 2831 sit
525 2778 613 2833 terrae
630 2767 810 2831 mortalibus
825 2766 909 2831 orboe

127 2874 241 2939 Forma
255 2874 368 2951 sutura,
385 2882 513 2956 rogant:
537 2873 605 2955 quis
620 2873 660 2935 sit
674 2871 792 2937 laturus
807 2872 839 2935 in
854 2894 924 2935 aras
1000 2908 1003 2914 ,

126 2980 255 3056 Thura3
280 2978 392 3042 ferisne
408 2988 497 3060 paret
511 2977 706 3059 populandas
722 2978 844 3040 tradere
859 2986 965 3041 terras.

126 3083 219 3147 Talia
233 3092 408 3166 quaerentes
426 3082 498 3170 (sibi
513 3081 598 3144 enim
613 3080 679 3143 sore
694 3091 799 3144 cetera
813 3077 912 3165 curas)
1078 3083 1147 3147 250

127 3188 198 3253 Rex
214 3188 359 3269 superium
376 3186 530 3267 trepidare
546 3194 641 3260 vetat,
658 3182 858 3265 sobolemque
874 3184 968 3266 priori

7 3307 10 3314 ‘
127 3292 317 3357 Dissimilem
332 3290 449 3373 populo
464 3289 616 3371 promittit
630 3289 749 3371 origine
763 3288 852 3352 mirri.
883 3367 889 3381 Ι

171 3396 303 3479 Jamque
319 3405 385 3457 erat
399 3395 432 3457 iu
448 3404 528 3458 totas
544 3413 704 3475 sparsurus
719 3392 849 3457 fulmina
864 3406 980 3473 terras;

128 3503 194 3566 Sed
211 3500 323 3577 timuit,
339 3521 379 3563 ne
395 3499 473 3562 forte
489 3519 577 3561 sacer
592 3509 639 3561 tot
652 3498 694 3560 ab
708 3498 833 3580 ignibus
847 3500 946 3563 aether

127 3606 316 3688 conciperet
331 3605 480 3680 flammas,
497 3602 670 3684 longusque
684 3604 865 3667 ardesceret
878 3602 955 3666 axis.
1079 3599 1145 3667 255

128 3708 205 3775 Esse
220 3729 345 3792 quoque
361 3708 392 3771 in
408 3707 479 3770 satis
494 3704 711 3781 reminiscitur,
726 3705 822 3769 affore
837 3716 971 3785 tempus,
