2567 4209
371 292 521 344 EPISTLE
541 292 588 343 ΟΡ
607 292 737 343 ΜΕΒΕΑ
759 292 807 343 ΤΟ
828 292 950 344 tason.
1095 290 1157 363 175

129 456 246 543 Juugis
259 473 294 525 et
307 463 461 547 aeripedes
475 465 622 528 inadusto
637 464 766 548 corpore
782 474 897 543 tauros,

180 566 221 629 Et
236 567 367 640 solidam
380 570 467 654 jusso
481 590 606 633 vomere
622 570 715 633 findis
731 571 870 635 humum.

131 670 220 735 Arva
235 673 406 751 venenatis,
422 692 479 757 pro
493 674 623 753 semine,
639 676 785 738 dentibus
800 675 928 759 imples:
1072 762 1073 765 Ἴ
1114 679 1156 743 95

178 776 336 855 Nascitur,
352 788 385 841 et
398 778 519 861 gladios
535 790 684 862 ecumque
700 780 788 843 miles
804 780 908 845 habet.

132 881 207 963 Ipsa
222 904 292 965 ego,
308 905 379 966 quae
394 885 543 947 dederam
558 885 777 963 medicamina,
794 886 909 969 pallida
923 886 1001 966 sedi,

132 1000 138 1007 ·
178 986 259 1050 Clam
274 989 337 1051 vidi
353 989 471 1052 subitos
485 1010 572 1053 arnra
587 1000 694 1055 tenere
709 992 789 1055 viros
803 1014 811 1069 3

131 1091 245 1157 Donec
260 1094 424 1177 terrigenae
442 1094 578 1181 (lacinus
593 1096 765 1160 miserabile
778 1096 802 1184 1)
820 1096 929 1163 fratres

178 1199 263 1262 Inter
278 1221 312 1263 se
327 1201 449 1263 strictas
463 1202 649 1265 conseruere
665 1222 787 1265 manus.
1093 1210 1157 1269 100

133 1303 265 1387 Pervigil
281 1327 356 1369 ecce
372 1306 476 1384 draco,
492 1307 629 1389 squamis
644 1307 867 1389 crepitantibus
883 1308 1021 1388 horrens,

180 1410 300 1488 Sibilat,
315 1422 348 1475 et
363 1422 446 1474 torto
460 1421 588 1494 pectore
602 1413 695 1475 verrit
711 1412 852 1476 lrumum.

132 1512 224 1579 Dotis
239 1537 315 1598 opes
330 1516 384 1579 ubi
400 1519 497 1580 tunc?
521 1516 575 1579 ubi
592 1526 669 1581 tunc
683 1517 739 1582 tibi
754 1517 840 1601 regia
855 1519 982 1605 conjux,

178 1621 306 1705 Quique
321 1622 413 1685 maris
427 1623 544 1705 gemini
559 1618 689 1687 distinet
704 1623 838 1687 lstbmos
853 1624 973 1708 aquas?

131 1727 191 1791 Illa
205 1749 275 1810 ego,
291 1750 361 1811 quae
377 1728 431 1791 tibi
447 1749 516 1791 sum
532 1750 618 1791 nunc
632 1728 770 1811 denique
785 1729 916 1794 barbara
932 1730 1025 1808 facta,
1091 1732 1154 1795 105

178 1832 274 1897 Nunc
289 1834 344 1896 tibi
359 1854 428 1896 sum
444 1854 572 1916 pauper,
588 1855 675 1897 nunc
690 1834 745 1896 tibi
761 1834 827 1897 visa
842 1854 970 1913 nocens,

132 1939 294 2002 Flammea
309 1938 443 2002 subduxi
458 1938 615 2001 medicato
629 1938 748 2001 lumina
764 1958 894 2016 somno;

179 2043 219 2107 Et
235 2045 300 2122 tibi,
316 2066 386 2126 quae
403 2062 537 2126 raperes,
553 2042 668 2107 vellera
684 2052 752 2107 tuta
767 2044 851 2108 dedi.

132 2150 278 2215 Proditus
292 2161 341 2213 est
355 2149 494 2233 genitor:
519 2169 650 2232 regnum
666 2149 858 2233 patriamque
874 2149 1001 2234 reliqui:

177 2256 306 2334 Munus,
323 2256 355 2318 in
371 2254 479 2319 exsilio
494 2257 578 2338 quod
593 2254 669 2318 licet
683 2276 762 2334 esse,
779 2255 845 2319 tuli.
1093 2261 1156 2321 110

133 2364 177 2427 At
192 2384 256 2426 non
272 2376 304 2426 te
320 2361 442 2444 fugiens
457 2362 524 2425 sine
540 2382 601 2439 me,
616 2381 776 2444 germane,
791 2362 911 2445 reliqui.

177 2468 294 2532 Deficit
308 2468 369 2531 hoc
383 2489 448 2531 uno
462 2467 565 2530 littera
580 2476 684 2529 nostra
699 2466 779 2530 loeo.

132 2575 233 2644 Quod
248 2575 351 2638 facere
367 2594 444 2637 ausa
458 2592 529 2635 mea
543 2580 601 2649 est,
618 2592 681 2633 non
697 2572 794 2634 audet
809 2570 953 2649 scribere,
969 2571 1088 2635 dextra.

179 2682 233 2744 Sic
248 2701 318 2763 ego,
335 2680 390 2743 sed
407 2688 522 2754 tecum,
538 2676 738 2740 dilaceranda
753 2674 808 2739 sui.

132 2786 165 2850 N
167 2807 205 2849 ec
220 2796 324 2849 tamen
341 2784 470 2848 extimui
488 2782 579 2871 (quid
594 2782 678 2845 enim
695 2790 765 2865 post
780 2780 832 2845 illa
846 2781 986 2846 timerem
998 2779 1026 2870 i)
1092 2786 1154 2847 115

177 2891 313 2954 Credere
328 2912 379 2953 me
395 2889 507 2972 pelago
521 2888 647 2965 femina,
660 2889 786 2973 jamque
802 2907 931 2952 nocens.

131 3000 262 3065 Numen
278 2999 331 3062 ubi
347 3001 415 3061 est?
438 2998 492 3060 ubi
507 2996 564 3060 di?
589 2997 713 3058 meritas
729 2996 896 3058 subeamus
911 2994 944 3058 in
959 2994 1033 3074 alte,

177 3106 230 3169 Tu
245 3105 361 3168 fraudis
376 3123 498 3186 poenas,
514 3100 705 3163 credulitatis
721 3119 792 3181 ego.
946 3090 951 3097 ’

131 3211 321 3295 Complexos
338 3210 456 3273 utinam
472 3204 699 3291 Symplegades
714 3202 876 3282 elisissent‚

178 3317 355 3398 Nostraque
372 3314 569 3378 adhererent
584 3310 704 3373 ossibus
721 3330 790 3373 ossa
806 3310 885 3373 tuis!
1092 3314 1155 3375 120

131 3425 200 3489 Aut
215 3445 272 3487 nos
289 3421 394 3506 Scylla
409 3440 504 3503 rapax
518 3418 649 3481 canibus
665 3418 797 3479 misisset
812 3417 971 3481 edendos!

178 3529 296 3594 Debuit
310 3526 438 3609 ingratis
454 3523 560 3608 Scylla
576 3516 688 3586 nocere
705 3522 785 3585 viris.

132 3638 281 3717 Quaeque
296 3633 394 3696 vomit
408 3632 522 3694 fluctus
537 3628 679 3704 totidem,
695 3628 887 3707 totidemque
903 3624 1051 3699 resorbet,

179 3741 247 3807 Nos
262 3738 387 3823 qudque
402 3734 573 3798 Trinacriae
589 3731 803 3814 supposuisset
817 3728 925 3809 aquae!
