2567 4209
521 284 617 335 BOOK
641 284 715 335 XIII.

74 452 226 517 Ultima
241 455 425 519 conscendit
440 454 570 518 classem
588 454 776 544 (miserabile
786 454 875 545 lvisu)

76 558 129 621 In
148 560 272 622 mediis
287 558 420 623 Hecube
435 569 579 622 natorum
594 559 722 623 inventa
737 560 896 643 sepulcris.

81 663 312 727 Prensantem
327 664 472 742 tumulos,
488 674 582 747 atque
596 664 717 728 ossibus
733 666 839 729 oscula
854 667 985 729 dantem

82 768 264 831 Dulichiae
280 771 400 833 traxere
414 790 535 833 manus.
581 770 704 833 Tamen
720 771 812 834 unius
827 770 940 849 hausit,

86 872 207 955 Inque
223 874 293 936 sinu
308 873 426 937 cineres
440 895 548 938 secum
564 875 633 938 tulit
649 875 794 939 Hectoris
810 876 946 941 haustos.
1063 878 1130 941 425

88 977 254 1041 Hectoris
268 979 300 1042 in
317 980 436 1043 tumulo
451 1001 566 1043 canum
581 983 621 1044 de
637 982 751 1045 vertice
767 982 896 1060 crinem,

91 1084 239 1146 Inferias
254 1084 373 1167 inopes,
388 1086 506 1148 crinem
521 1086 733 1170 lacrymasque
749 1087 903 1169 relinquit.

149 1189 219 1266 Est,
236 1190 290 1252 uhi
304 1190 399 1275 Troja
414 1190 490 1268 suit„
499 1190 641 1275 Phrygiae
658 1192 810 1255 contraria
825 1192 925 1271 tellus,

99 1294 254 1357 Bistoniis
270 1295 407 1359 habitata
422 1296 503 1359 viris.
549 1296 767 1381 Polymestoris
783 1298 845 1361 illic

99 1399 210 1482 Regia
224 1401 311 1463 dives
326 1411 403 1479 erat,
418 1402 470 1465 cui
485 1412 516 1464 te
531 1403 686 1466 commisit
701 1402 849 1468 alendum
1062 1405 1128 1465 430

100 1503 208 1582 Clam,
224 1504 387 1589 Polydore,
403 1518 501 1588 pater,
517 1507 719 1591 Phrygiisque
735 1510 865 1572 removit
878 1506 919 1573 ab
932 1507 1034 1569 armis.

101 1609 279 1673 Consilium
293 1610 427 1693 sapiens,
443 1612 567 1676 sceleris
582 1614 640 1676 nisi
656 1614 783 1697 praemia
798 1630 925 1691 magnas

105 1716 284 1800 Adjccisset
297 1737 383 1799 opes,
398 1718 493 1781 animi
510 1718 666 1783 irritamen
681 1720 773 1782 avari.

108 1819 154 1883 Ut
168 1821 281 1885 cecidit
296 1822 433 1891 Fortuna
447 1822 615 1906 Phrygum,
631 1824 713 1905 capit
728 1818 840 1899 impius
855 1838 962 1882 ensem

109 1926 179 1989 Rex
194 1925 363 2004 Thracum,
375 1927 547 2014 juguloque
562 1928 611 1990 sui
622 1922 731 2002 deligit
745 1921 880 1984 alumni:
1059 1927 1125 1989 435

111 2030 162 2107 Et,
177 2041 321 2113 tanquam
337 2032 402 2096 tolli
416 2053 490 2095 cum
505 2046 630 2109 corpore
646 2025 775 2089 crimina
791 2036 926 2109 possent,

111 2135 290 2200 Exanimem
307 2159 325 2201 e
340 2137 470 2219 scopulo
481 2132 634 2215 subjectas
650 2130 731 2193 mISIt
747 2130 778 2193 in
795 2131 905 2195 undas.

391 2398 560 2439 sacalatca
587 2399 625 2440 ΟΡ
653 2400 831 2441 rounam.
916 2362 923 2374 Δ

155 2558 253 2621 Litore
268 2553 417 2617 Threicio
431 2552 562 2616 classem
578 2552 721 2635 religarat
736 2552 871 2631 Atrides,

115 2663 192 2725 Dum
205 2680 289 2722 mare
304 2668 460 2742 pacatum,
476 2659 551 2721 dum
568 2667 679 2720 ventus
694 2658 822 2721 amicior
836 2667 927 2722 esset.

112 2763 172 2827 Hic
185 2760 293 2839 subito,
308 2771 453 2844 quantus,
468 2761 540 2824 clun
556 2760 682 2838 viveret,
698 2780 767 2823 esse
782 2759 910 2838 solebat,
950 2804 955 2809 -
1056 2763 1123 2826 440

113 2867 180 2930 Exit
193 2867 287 2931 humo
300 2867 362 2930 late
378 2867 478 2949 rupta,
494 2865 661 2947 similisque
678 2865 801 2943 minaci,

113 2972 268 3054 Temporis
281 2971 362 3034 illius
376 2970 494 3034 vultum
510 2970 662 3034 referebat
679 2969 826 3048 Achilles,

115 3077 184 3146 Qno
197 3076 278 3139 serus
293 3075 406 3160 injusto
421 3076 510 3157 petiit
525 3074 763 3157 Agamemnona
779 3074 869 3137 ferro.

116 3181 385 3263 ‘immemoresque
400 3179 461 3243 mei
478 3178 657 3255 disceditis,’
675 3178 784 3259 inquit,
802 3177 957 3241 ‘Achivii

116 3286 284 3368 Obrutaque
299 3295 347 3348 est
361 3304 486 3348 mecum
501 3283 621 3346 virtutis
634 3280 734 3367 gratia
749 3285 884 3347 nostrae?
1055 3287 1122 3351 445

118 3391 162 3454 Ne
175 3390 279 3454 facite:
305 3400 401 3472 utque
416 3411 521 3452 meum
537 3389 656 3452 nonsit
671 3388 738 3451 sine
753 3388 872 3452 honore
887 3382 1085 3471 sepulcrum,¹

119 3495 211 3559 Placet
224 3494 381 3557 Achilleos
395 3505 531 3557 mactata
545 3492 705 3575 Polyxena
720 3494 850 3556 manes!

157 3598 250 3663 Dixit:
274 3609 317 3678 et,
333 3598 443 3662 immiti
458 3598 549 3662 sociis
564 3597 743 3680 parentibus
758 3597 888 3672 umbrae,
996 3588 999 3596 '

121 3705 211 3791 Rapta
222 3704 292 3769 sinu
306 3704 423 3782 matris,
439 3724 533 3785 quam
546 3703 610 3786 jam
626 3701 722 3782 prope
739 3699 805 3761 sola
820 3698 955 3772 fovebat,
