2567 4209
190 324 253 387 108
463 320 583 370 OVID'S
603 318 933 370 METAMORPHOSES.

185 488 425 574 Eurydicenque
441 499 564 553 vocant.
609 488 744 554 Umbras
758 498 825 553 erat
839 487 893 552 illa
906 494 1053 552 recentes

184 592 280 672 Inter,
295 603 329 658 et
342 594 468 659 incessit
482 615 575 676 passu
589 596 630 657 de
645 594 772 657 vulnere
788 596 887 657 tardo.

185 697 279 762 Hanc
293 697 384 762 simul
399 709 432 761 et
447 698 547 782 legem
563 699 770 781 Rhodopeius
784 698 898 781 accipit
913 696 1015 776 heros,
1172 701 1215 762 5⁰

185 793 236 866 Ne
252 803 357 867 flectat
371 813 454 867 retro
468 825 525 866 sua
539 803 666 881 lumina,
683 805 786 869 donec
802 803 941 867 Avernas

185 907 304 971 Exierit
317 908 422 987 valles,
437 920 493 972 aut
506 909 591 972 irrita
605 910 690 973 dona
704 908 818 971 future.

229 1012 372 1094 Carpitur
386 1012 522 1077 acclivus
536 1033 592 1095 per
606 1024 694 1075 muta
709 1012 830 1076 silentia
845 1022 968 1089 tremes,

185 1117 322 1195 Arduus,
338 1117 497 1195 obscurus,
512 1117 644 1199 caligine
660 1119 775 1181 densus
790 1118 898 1199 opace,

184 1220 256 1284 Nec
270 1222 378 1303 procul
393 1221 559 1285 abluerunt
574 1222 690 1284 telluris
705 1222 843 1304 margine
860 1239 1000 1284 summae.
1169 1223 1212 1283 55

183 1316 257 1403 Hic,
274 1348 313 1389 ne
329 1327 487 1403 deficeret,
502 1336 654 1403 metuens,
670 1326 840 1408 avidusque
856 1325 992 1402 videndi,

183 1428 283 1493 Flexit
297 1449 406 1493 amans
420 1432 544 1495 oculos:
570 1442 604 1494 et
618 1431 757 1512 protinus
772 1429 824 1493 illa
838 1430 957 1512 relapsa
971 1439 1036 1507 est;

182 1533 374 1617 Brachiaque
389 1536 564 1611 intendens,
580 1536 752 1618 prendique
767 1546 799 1599 et
810 1536 966 1617 'prendere
980 1544 1129 1617 captans,

184 1638 237 1701 Nil
252 1639 310 1701 nisi
326 1640 474 1701 cedentes
489 1640 595 1702 infelix
611 1641 716 1723 arripit
731 1662 830 1704 auras·

182 1740 316 1823 lamque
331 1742 441 1805 iterum
457 1744 591 1806 moriens
607 1766 670 1807 non
687 1755 734 1807 est
749 1746 789 1808 de
805 1745 938 1829 conjuge
953 1744 1133 1827 quidquam
1165 1747 1209 1808 60

183 1844 306 1916 Questa
320 1868 394 1911 suo:
419 1849 494 1931 qnid
509 1848 593 1911 enim
609 1849 668 1911 nisi
684 1870 717 1912 se
733 1861 913 1933 quereretur
927 1852 1089 1913 amatam?

183 1952 434 2035 Supremumque
449 1954 528 2029 vale,
543 1956 627 2037 quod
639 1955 703 2039 jam
720 1955 770 2016 vix
785 1953 910 2017 auribus
925 1953 975 2017 ille

181 2056 358 2140 Acciperet,
374 2059 461 2136 dixit,
477 2059 676 2141 revolutaque
692 2080 796 2121 rursus
810 2058 922 2121 eddem
938 2068 994 2121 est.

226 2161 300 2224 Non
315 2162 404 2226 aliter
418 2163 537 2244 stupuit
549 2164 676 2245 geminii
691 2183 768 2227 nece
784 2163 925 2247 conjugis
940 2162 1101 2245 Orpheus,

182 2265 291 2334 Quam
304 2266 362 2329 tria
376 2267 430 2348 qui
445 2266 581 2344 timidus,
597 2269 702 2331 medio
717 2278 859 2350 portante
875 2278 1012 2345 catenas,
1162 2271 1206 2333 65

180 2368 271 2432 Colla
284 2370 370 2433 canis
385 2370 480 2447 vidit;
504 2392 597 2453 quern
613 2393 677 2435 non
693 2392 788 2453 pavor
803 2373 876 2435 ante
892 2372 1025 2454 reliquit,

181 2474 289 2545 Quam
304 2484 415 2537 natura
429 2474 521 2557 prior,
537 2496 612 2539 saxo
628 2497 683 2558 per
697 2498 810 2559 corpus
824 2476 951 2540 oborto:

181 2579 310 2663 Quique
325 2580 357 2643 in
374 2599 407 2643 se
422 2581 540 2644 crimen
555 2582 657 2658 traxit,
673 2580 831 2663 voluitque
847 2580 945 2645 videri

180 2684 299 2748 Olenos
313 2705 381 2748 esse
398 2706 533 2757 nocens:
558 2696 654 2767 tuque
670 2706 690 2749 o
705 2686 822 2749 conlisa
837 2685 955 2768 figurae,

180 2790 291 2853 Infelix
307 2790 447 2866 Lethaea,
462 2800 545 2867 tuae3
565 2790 762 2874 junctissima
775 2791 936 2871 quondam
1162 2796 1205 2856 70

179 2893 322 2970 Pectora,
337 2911 423 2956 nnnc
436 2893 565 2975 lapides,
580 2914 658 2976 quos
673 2895 803 2959 humida
817 2895 948 2959 sustinet
962 2895 1030 2959 Ide.

180 2999 342 3075 Orantem,
358 2996 531 3080 frustrdque
547 2999 659 3063 iterum
675 3000 802 3063 transire
818 2999 986 3078 volentem,

178 3103 313 3167 Portitor
327 3114 478 3167 arcuerat.
525 3106 655 3186 Septem
671 3116 776 3168 tamen
791 3104 843 3167 ille
859 3104 969 3169 diebus

180 3209 349 3291 Squalidus
363 3210 396 3272 ln
412 3209 489 3293 ripe,
504 3209 626 3272 Cereris
641 3209 709 3271 sine
723 3230 864 3286 munere,
880 3208 971 3271 sedit.

179 3312 273 3392 Cura,
289 3313 438 3395 dolorque
453 3314 559 3390 animi,
575 3313 782 3396 lacrymaeque
798 3312 945 3377 alimenta
961 3313 1059 3377 luere.
1159 3320 1200 3379 '15

178 3416 257 3482 mse
273 3419 350 3482 deos
365 3416 459 3480 Erebi
474 3417 615 3480 crudeles
630 3428 768 3498 questus,
784 3419 815 3481 in
832 3417 926 3483 altam

181 3526 224 3588 Se
239 3523 349 3605 recipit
364 3518 553 3603 Rhodopen,
569 3520 754 3604 pulsumque
770 3521 977 3607 Aquilonibus
991 3522 1144 3587 Haemon.
