2567 4209
545 342 643 391 BOOK
665 342 715 392 ΠΙ.

85 498 232 585 Impete
252 528 344 573 nunc
358 520 455 589 vasto,
471 530 530 574 ceu
546 512 689 575 concitus
703 512 851 576 imbribus
866 512 977 591 amnis,

87 608 236 689 Fertur,
256 622 294 675 et
309 614 466 679 obstantes
482 616 642 700 proturbat
657 629 783 699 pectore
799 618 899 681 silvas.

86 709 198 777 Cedit
216 716 422 800 Agenorides
437 722 574 803 paulum,
591 722 751 805 spolioque
764 720 865 787 leonis

89 818 260 885 Sustinet
278 823 428 903 incursus,
445 827 653 910 instantiaque
669 850 723 897 ora
737 829 872 892 retardat

88 920 254 1007 Cuspide
261 931 435 1010 praetentb.
482 932 643 1011 Furitille,
653 943 692 997 -et
706 933 906 996 inaniaduro
1097 934 1143 997 60

89 1027 255 1095 Vulnera
273 1034 327 1097 dat
342 1035 431 1114 serre,
448 1022 623 1120 frangitque
638 1038 671 1101 in
687 1039 832 1101 acumine
848 1039 969 1102 dentes.

90 1129 248 1217 Jamque
267 1140 449 1204 venenifero
464 1142 588 1225 sanguis
603 1164 729 1207 manare
744 1142 849 1226 palato

90 1235 276 1321 Coeperat,
292 1254 324 1306 et
339 1245 452 1309 virides
466 1247 650 1335 adspergine
665 1246 798 1310 tinxerat
813 1246 941 1324 herbas;

95 1344 171 1409 Sed
187 1346 397 1413 leve.vulnus
412 1361 489 1428 erat,
505 1352 578 1434 quia
593 1372 626 1415 se
642 1352 821 1424 retrahebat,
832 1352 873 1414 ab
887 1352 962 1428 ictu,

94 1448 271 1534 Laesaque
288 1454 367 1518 colla
384 1456 480 1518 dabat
494 1466 585 1534 retro,
602 1456 788 1540 plagamque
804 1457 912 1519 sedere
1098 1456 1142 1519 65

96 1554 271 1623 Cedendo
286 1559 422 1643 arcebat,
439 1572 498 1624 r‘rec
514 1560 633 1643 longius
649 1560 694 1624 ire
709 1561 839 1625 sinebat.

96 1658 225 1725 Donec
243 1662 440 1747 Agenorides
456 1666 633 1750 conjectum
649 1666 681 1728 in
696 1677 821 1749 gutture
837 1666 953 1729 serrum

98 1764 222 1848 Usque
240 1790 375 1851 sequens
390 1770 510 1852 pressit,
526 1772 602 1834 dum
617 1781 701 1835 retro
715 1792 847 1854 quercus
863 1772 950 1835 eunti

58 1894 61 1900 ·
99 1869 257 1950 Obstitit,
276 1882 309 1935 et
323 1874 384 1937 fixa
400 1885 447 1936 est
463 1875 576 1955 pariter
591 1897 664 1938 cum
680 1876 788 1938 robore
804 1876 918 1938 cervix.

102 1973 261 2040 Pondere
277 1978 428 2060 serpentis
444 1988 571 2041 curvata
586 1989 634 2041 est
649 1979 749 2055 arbor,
766 1990 797 2041 et
813 1979 884 2041 imae
1096 1983 1141 2044 70

104 2076 205 2143 Parte
222 2082 371 2165 flagellari
386 2082 507 2165 gemuit
521 2104 578 2146 sua
592 2083 703 2172 robora
718 2084 839 2146 caudae.

152 2182 246 2248 Dum
262 2187 395 2268 spatium
409 2188 509 2251 'victor
524 2188 597 2250 victi
612 2188 791 2251 considerat
805 2188 911 2265 hostis,

104 2286 181 2352 Vox
198 2291 303 2353 subitb
318 2292 425 2356 audita
440 2302 504 2356 est:
532 2292 650 2381 (neque
668 2302 735 2356 erat
752 2313 941 2376 cognoscere
959 2302 1139 2375 promptum

107 2393 221 2474 Unde,
238 2398 293 2459 sed
308 2398 415 2461 audita
430 2397 491 2484 est)
510 2399 629 2477 ‘Quid
647 2399 792 2481 Agenore
808 2410 891 2476 nate,
908 2408 1104 2481 peremptum

110 2498 304 2582 Serpentem
320 2505 463 2583 spectas?
486 2512 519 2565 et
534 2515 568 2565 tu
584 2504 764 2585 spectabere
780 2504 928 2584 serpeus!
1094 2506 1138 2566 75

111 2602 170 2667 Ille
187 2605 244 2668 diu
260 2606 400 2688 pavidus,
417 2607 530 2688 pariter
543 2628 616 2670 cum
632 2617 738 2670 mente
753 2607 890 2670 colorem

113 2705 307 2788 Perdiderat,
323 2710 488 2793 gelidoque
504 2733 602 2774 cornae
619 2721 733 2775 terrore
749 2711 902 2793 rigebant.
919 2780 925 2788 ,

159 2814 246 2877 Eece
261 2814 316 2877 viri
332 2816 454 2893 fautrix,
471 2836 598 2897 superas
614 2816 742 2898 delapsa
756 2798 812 2898 pbr
826 2837 926 2894 auras,

114 2913 216 2981 Pallas
231 2920 501 3009 adestqmotaeque
513 2920 603 3007 jubet
618 2941 795 3003 supponere
810 2932 900 2984 terrae

114 3018 266 3107 Vipereos
281 3024 402 3102 dentes,
418 3024 524 3107 popuii
540 3004 733 3087 incrementa
748 3025 854 3115 futuri,
1095 3028 1139 3089 80

116 3121 225 3191 Paret:
250 3138 292 3205 et,
309 3137 344 3191 ut
359 3148 465 3210 presso
481 3128 601 3191 sulcum
616 3129 766 3209 patefecit
779 3116 892 3206 aratri),

117 3228 244 3314 Spargit
260 3232 345 3295 humi
357 3234 469 3317 jussos,
486 3231 627 3294 mortalia
642 3233 771 3309 semina,
787 3233 908 3297 dentes.

117 3332 195 3399 Inde
214 3336 291 3425 (fide
307 3336 421 3423 majus)
439 3337 540 3421 glebae
557 3338 682 3421 coepbre
697 3338 834 3417 moveri3

118 3436 281 3523 Primaque
297 3442 337 3505 de
353 3442 445 3506 sulcis
460 3443 543 3506 acies
559 3432 703 3525 apparuit
718 3443 827 3507 hastae.

119 3541 271 3627 Tegmina
286 3567 359 3609 mox
374 3548 512 3629 capitum
528 3548 614 3630 picto
628 3549 772 3612 nutantia
786 3570 878 3626 cono,
1096 3550 1139 3611 85

119 3644 193 3713 Mor
208 3651 329 3732 humeri
344 3662 516 3735 pectusque
530 3663 721 3735 onerataque
737 3653 863 3716 brachia
878 3652 948 3716 telis

121 3750 289 3834 Exsistunt,
306 3758 478 3840 crescitque
494 3778 582 3839 sager
599 3758 741 3841 clypeata
757 3758 902 3820 virorum.
