2567 4209
175 300 217 363 54
452 296 572 345 OVID'S
594 294 926 348 muuuuoul’floslss

1261 247 1264 330 l

174 462 312 543 Miscuit,
328 474 370 542 et,
385 465 497 549 gelidis
511 465 544 529 iu
560 465 696 529 vultibus
711 465 818 530 oscula
831 466 943 549 figens,
1175 470 1216 532 10
1262 485 1263 494 ’

174 568 344 653 ‘Pyrama,’
361 570 515 649 clamavit,
533 572 620 653 ‘quis
636 582 668 634 te
682 571 759 635 mihi
773 593 865 635 oasus
879 570 1027 634 ademit?

173 674 314 759 Pyramo,
329 678 493 759 responde.
540 678 611 741 Tua
626 686 668 753 te,
684 676 853 754 carissime,
868 676 988 739 Thisbe

173 779 340 845 Nominat:
364 783 487 860 exaudi,
504 782 669 864 vultusque
683 781 790 845 attolle
801 781 965 865 jacentes)

172 885 223 949 Ad
240 908 354 950 nomeu
370 886 504 950 Thisbes
518 886 635 964 oculos,
649 887 715 971 jam
729 896 829 949 morte
843 895 998 969 gravatos,

172 988 320 1073 Pyramus
335 992 442 1070 erexit,
458 991 584 1074 visaque
600 991 775 1055 recondidit
790 990 850 1054 illa
1168 997 1210 1057 75

171 1092 255 1163 Quae
272 1108 436 1179 postquam
451 1106 629 1178 vestemque
645 1116 734 1158 suam
749 1095 906 1177 eognovit,
921 1105 954 1158 et
968 1116 1051 1159 ense

171 1199 258 1263 Vidit
273 1200 349 1264 ebur
364 1222 508 1278 vacuum,
526 1200 616 1264 ‘Tua
630 1209 661 1262 te
676 1200 808 1278 manus,'
825 1200 936 1281 inquit,
953 1208 1140 1284 ‘amorque

171 1302 319 1384 Perdidit,
335 1305 453 1370 infelix.
500 1306 557 1369 Est
571 1304 693 1369 etmihi
709 1304 795 1367 sortis
810 1305 842 1369 iu
858 1325 956 1367 unum

170 1408 243 1475 Hoc
257 1432 387 1490 manus;
411 1422 459 1475 est
474 1422 505 1476 et
520 1432 626 1489 amor;
650 1409 737 1473 dabit
751 1410 803 1473 hic
817 1409 849 1473 iu
864 1409 993 1474 vulnera
1007 1410 1109 1479 vires.

169 1515 340 1598 Persequar
355 1516 552 1593 exstinctum,
568 1515 685 1598 letique
699 1515 869 1579 miserrima
883 1515 969 1580 dioar
1163 1520 1206 1585 80

168 1617 272 1682 Causa
287 1640 452 1701 oomesque
469 1620 530 1684 tui:
555 1621 670 1703 quique
685 1642 706 1684 a
719 1642 770 1684 me
785 1630 887 1683 morte
901 1618 1009 1686 revelli

168 1722 242 1786 Heu
258 1724 324 1788 sold
339 1734 470 1807 poteras,
487 1726 602 1808 poteris
617 1746 678 1790 ueo
692 1735 792 1789 morte
806 1723 920 1791 revelli.

167 1825 241 1893 Hoc
256 1840 359 1893 tamen
375 1828 537 1895 amborum
552 1830 653 1894 verbis
668 1840 767 1894 estote
782 1830 891 1912 rogati,

167 1932 198 1996 Ο
213 1934 344 2031 multiun
360 1936 462 2000 miseri
476 1958 564 2000 meus
580 1935 721 2017 illiusque
737 1945 892 2018 parentes,

167 2038 221 2120 Ut,
238 2063 315 2124 quos
331 2051 433 2106 certus
448 2064 545 2119 amor,
561 2062 638 2124 quos
654 2040 730 2104 hora
744 2039 911 2103 novissima
921 2039 1037 2125 junxit,
1155 2045 1197 2107 85
1264 2073 1265 2102 ι

166 2143 320 2227 Componi
337 2146 456 2209 tumulo
471 2168 533 2209 non
550 2145 715 2209 invideatis
729 2145 853 2208 eodem.

167 2247 211 2311 At
226 2259 271 2325 tu,
287 2270 356 2331 quae
373 2250 474 2327 ramis,
490 2250 589 2327 orbor,
605 2250 777 2313 miserabile
792 2270 906 2332 eorpus

167 2352 198 2415 N
201 2374 263 2416 uno
277 2354 355 2435 tegis
370 2352 472 2431 unius,
488 2376 560 2417 mor
575 2376 609 2417 es
625 2364 745 2419 tectura
759 2356 904 2432 duorum,

167 2457 265 2539 Signa
279 2468 351 2521 tene
367 2458 480 2522 oaedis:
504 2459 665 2542 pullosque
681 2470 714 2522 et
728 2458 861 2523 luctibus
876 2469 967 2542 aptos

166 2563 298 2645 Semper
313 2563 393 2627 habe
409 2563 512 2642 scetus,
528 2564 645 2647 gemini
660 2574 864 2629 monumenta
878 2564 1016 2629 cmoris.’
1147 2570 1191 2632 90

164 2666 267 2731 Dixit:
293 2678 325 2731 et
340 2680 446 2751 aptato
462 2680 572 2753 pectus
586 2690 736 2732 mucrone
752 2668 810 2731 sub
825 2669 922 2733 imum

163 2771 311 2835 Incubuit
326 2773 417 2851 ferro,
433 2756 517 2857 quod
532 2776 636 2839 adhuc
651 2797 671 2838 a
685 2775 774 2840 oaede
790 2774 926 2857 tepebat.

208 2876 291 2938 Vota
306 2887 411 2939 umen
427 2878 556 2961 tetigere
572 2880 659 2956 deos,
675 2880 804 2961 tetigere
819 2891 982 2961 parentes:

164 2980 247 3044 Nam
263 2980 348 3044 color
362 2981 393 3045 in
410 3003 504 3065 pomo
519 2992 577 3061 est,
593 2984 647 3046 ubi
662 2984 875 3066 permaturuit,
891 2996 976 3049 ater:

163 3086 323 3169 Quodque
339 3087 421 3171 rogis
436 3100 586 3171 superest,
603 3089 667 3153 unis
681 3089 846 3171 requiescit
861 3089 893 3152 iu
910 3089 998 3152 urai.
1142 3095 1185 3157 95

487 3338 543 3380 luo
566 3338 630 3379 ANB
658 3338 856 3382 mmmm.

609 3493 638 3534 v.
658 3474 734 3535 416.

161 3605 244 3672 Tum
261 3608 333 3671 verb
349 3609 420 3672 totis
436 3608 551 3672 Bacohi
565 3610 767 3674 memorabile
783 3611 902 3674 Thebis

161 3710 194 3774 N
195 3732 289 3774 umen
304 3723 370 3774 erat
379 3734 387 3789 ;
411 3732 601 3794 magnasque
617 3714 690 3775 novi
704 3723 869 3777 matertera
884 3716 965 3779 vires
1046 3756 1059 3765 --
1077 3795 1084 3802 ἱ

1046 3806 1061 3842 ,’
1080 3808 1091 3835 b
