2567 4209
467 351 469 356 ,
534 324 631 373 BOOK
654 322 725 374 XIV.

97 494 264 573 Romule,
276 496 348 581 jura
363 496 469 575 dabas,
485 497 586 580 positi
601 498 673 560 crim
689 494 809 559 oasside
825 493 952 558 Mavors

98 599 247 664 Talibus
261 601 374 665 affatur
389 602 556 684 divumque
572 600 795 683 hominumque
811 610 992 683 parentem:

103 703 280 787 ‘Tempus
295 706 393 783 adest,
408 706 541 787 genitor,
557 705 705 787 quoniam
721 702 905 767 fundamine
922 723 1038 785 magno

103 808 181 871 Res
198 809 344 872 Romana
359 809 450 886 valet,
467 830 527 873 neo
542 810 674 892 praeside
691 808 808 891 pendet
822 808 862 872 ab
879 828 943 871 uno
1076 809 1139 871 160

105 912 259 990 Praemia,
275 935 345 995 quae
361 914 511 996 promissa
525 914 601 977 mihi
616 915 774 997 dignoque
790 912 906 995 nepoti,
972 910 974 919 ’

107 1018 257 1094 Solvere,
273 1032 306 1082 et
320 1018 458 1082 ablatum
473 1019 561 1083 terris
576 1019 735 1101 imponere
751 1017 841 1081 ooelo.

105 1120 166 1185 Tu
183 1123 260 1185 mihi
275 1122 409 1187 concilio
423 1125 582 1208 quondam
597 1132 751 1207 praesente
767 1124 907 1200 deorum,

113 1227 219 1315 (Nam
235 1249 384 1307 memoro,
400 1228 591 1311 memorique
605 1229 712 1291 animo
727 1227 779 1309 pia
794 1226 887 1290 verba
902 1225 1022 1314 notavi)

109 1331 238 1395 “Unus
253 1333 321 1410 erit,
337 1351 430 1415 quem
447 1344 481 1396 tu
497 1332 585 1397 tolles
600 1334 632 1395 in
649 1332 764 1396 oaerula
779 1331 882 1409 ooeli,''
1075 1334 1138 1395 165

109 1435 238 1500 Dixisti.
285 1438 369 1502 Rata
383 1437 423 1500 sit
438 1439 601 1501 verborum
617 1458 739 1501 summa
755 1438 900 1501 tuorum.'

161 1541 282 1606 Annuit
297 1544 505 1626 omnipotens,
521 1554 553 1607 et
568 1543 702 1607 nubibus
718 1546 791 1607 alirn
807 1543 899 1607 eaeeis

111 1648 274 1725 Occuluit,
291 1649 467 1732 tonitruque
482 1660 515 1713 et
530 1648 651 1732 fulgine
667 1650 775 1713 terruit
791 1648 919 1713 Urbem.

113 1753 200 1822 Quae
216 1753 273 1817 sibi
289 1754 446 1836 promissae
461 1755 557 1818 sensit
571 1756 646 1818 data
660 1754 749 1838 signa
764 1754 892 1837 rapinae,

113 1858 307 1940 Innixusque
322 1859 431 1936 hastae,
446 1879 567 1941 pressos
583 1868 709 1922 temone
724 1871 856 1922 cruento
1075 1864 1137 1925 170

114 1962 296 2045 Impavidus
311 1962 495 2026 oonsoendit
507 1984 606 2045 equos
621 1962 787 2039 Gradivus,
803 1973 836 2026 et
850 1963 915 2025 ictu

115 2067 260 2131 Verberis
276 2067 441 2150 increpuit,
456 2087 651 2150 pronumque
668 2088 722 2149 per
737 2070 810 2131 aera
825 2066 929 2150 lapsus

114 2172 261 2237 Constitit
275 2174 308 2237 in
323 2194 446 2236 summo
461 2173 615 2236 nemorosi
630 2172 710 2237 colle
726 2172 835 2252 Palati,

116 2278 378 2361 Reddentemque
394 2299 451 2342 suo
462 2278 528 2362 jam
543 2278 628 2360 regia
638 2279 709 2363 jura
725 2277 841 2347 Quiriti

117 2383 252 2447 Abstulit
267 2383 396 2447 Iliaden.
442 2382 563 2465 Corpus
578 2384 707 2447 mortale
724 2404 779 2467 per
794 2404 884 2449 auras
1073 2390 1135 2450 175

117 2487 276 2570 Dilapsum
293 2499 420 2551 tenues:
445 2508 505 2551 ceu
520 2487 583 2550 lata
598 2488 746 2570 plumbea
761 2488 860 2553 lunda

118 2594 213 2657 Missa
227 2596 306 2659 solet
320 2596 425 2659 medio
439 2594 529 2678 glans
544 2596 735 2659 intabescere
752 2595 842 2660 ooelo.

119 2700 253 2764 Pulchra
267 2702 350 2765 subit
365 2701 470 2779 facies,
486 2712 519 2764 et
533 2700 744 2784 pulvinaribus
759 2701 828 2765 altis

119 2805 256 2889 Dignior,
272 2818 304 2870 et
318 2807 417 2889 qualis
432 2806 561 2870 trabeati
577 2806 676 2870 lorma
691 2805 826 2875 Quirini.

161 2911 269 2975 Flebat
283 2922 318 2975 ut
332 2912 480 2991 amissum
494 2913 619 2997 oonjux,
635 2912 707 2975 clun
723 2912 807 2995 regia
822 2910 840 2975 J
843 2934 908 2977 uno
1073 2914 1135 2977 180

119 3017 178 3080 Irin
192 3016 233 3080 ad
249 3015 415 3081 Hersiliam
431 3017 623 3079 deseendere
638 3016 735 3079 limita
752 3037 848 3080 curvo

120 3121 260 3204 Imperat,
276 3132 309 3185 et
323 3141 432 3184 vaeuae
447 3120 564 3183 suasio
577 3121 726 3183 mandata
741 3120 867 3184 referre.

121 3226 166 3289 ‘0
180 3237 212 3289 et
226 3228 267 3290 de
282 3226 383 3304 Latiis,
399 3247 420 3289 o
434 3234 467 3289 et
482 3226 522 3289 de
537 3234 632 3308 gente
650 3224 767 3288 Sabini

121 3330 322 3413 Praeeipuum‚
339 3341 491 3407 matrona,
507 3332 614 3409 decus,
630 3330 813 3414 dignissima
828 3329 904 3395 tanti

122 3435 199 3498 Ante
215 3435 309 3498 fuisse
323 3436 390 3513 riri,
406 3437 520 3520 oonjux
535 3457 621 3500 nune
635 3458 703 3501 esse
721 3434 857 3516 Quirini,
940 3502 943 3509 ,
1072 3442 1134 3505 185

124 3540 197 3603 Siste
213 3550 282 3603 tuos
297 3540 406 3603 fletus:
431 3550 473 3617 et,
489 3540 514 3602 si
530 3540 585 3602 tibi
601 3562 676 3605 cura
690 3541 819 3605 videndi

123 3644 263 3731 Conjugis
278 3655 336 3724 est,
352 3647 434 3708 dirce
448 3666 500 3707 me
515 3645 621 3709 lucum
636 3656 720 3726 pete,
736 3645 815 3709 colle
832 3645 968 3714 Quirino

125 3752 182 3822 uui
196 3752 283 3830 viret,
299 3763 332 3815 et
347 3751 498 3833 ternplum
513 3751 650 3816 Romani
665 3751 747 3833 regis
761 3750 946 3815 obumbrat?
