2567 4209
155 304 199 367 80
432 296 552 347 OVlD'S
575 288 909 347 nuuffloaunosns.

156 467 309 551 Exiguam
326 468 434 531 sedent
449 466 595 550 pariturae
612 474 693 527 tarra
708 460 846 544 negavit.
1158 454 1205 513 40

156 572 227 637 Nec
242 572 332 649 ooelo,
349 593 409 636 nec
425 572 531 648 humo,
547 592 607 633 nac
622 569 710 651 aquis
726 568 787 630 dea
802 574 907 627 vestra
921 567 1059 643 recepta
1075 565 1144 619 est.

157 677 254 741 Exsul
270 687 337 740 erat
351 676 479 753 rnundi3
503 676 606 739 donea
621 674 768 736 miserata
783 677 964 751 vagantem,

158 782 312 863 ‘Hospita
327 793 361 845 tu
378 782 465 845 terris
479 801 573 857 erras,
589 778 670 861 ego‚’
687 775 777 853 dixit,
794 774 847 837 ‘in
864 770 981 848 undis,’

158 887 399 969 Instabilemque
415 884 518 949 loetun
534 884 629 947 Delos
645 881 743 945 dedit.
790 878 848 943 Illa
863 876 989 940 duobus

158 991 255 1055 Facta
270 1012 402 1073 parans3
426 990 504 1052 uteri
520 1010 591 1072 pars
606 997 655 1049 est
670 986 740 1050 haec
754 983 889 1065 septima
903 978 1014 1043 nostri.
1163 977 1208 1038 45

160 1098 237 1159 Sum
253 1095 346 1159 felix:
371 1095 440 1177 quis
456 1094 540 1157 enim
557 1102 653 1174 neget
666 1091 752 1153 hoo?
776 1088 913 1170 felixque
929 1082 1088 1147 manebo.

158 1199 231 1263 Hoc
246 1200 370 1283 quoque
385 1199 454 1281 quis
469 1197 613 1262 dubitet?
637 1206 738 1258 tutam
753 1214 805 1256 me
820 1191 913 1273 eopia
927 1188 1016 1253 fecit.

159 1303 261 1389 Major
276 1326 355 1381 sum,
371 1306 465 1387 quim
481 1303 533 1367 cui
549 1301 647 1385 possit
662 1300 802 1363 Fortuna
816 1316 941 1360 nocere.

159 1408 323 1492 Multaque
338 1419 374 1471 ut
389 1408 508 1490 eripiat,
524 1406 624 1470 multo
639 1404 716 1467 mihi
731 1402 822 1486 plura
836 1400 1004 1481 relinquet.

161 1512 330 1575 Excessere
347 1522 465 1574 metum
481 1532 552 1573 mea
563 1511 630 1595 jam
644 1510 738 1571 bona.
786 1505 911 1587 Fingite
926 1501 1014 1566 demi
1162 1501 1207 1561 50

160 1615 246 1679 Huic
261 1615 377 1696 aliquid
394 1614 511 1696 populo
526 1624 670 1677 natorum
687 1634 779 1696 posse
794 1629 958 1683 meorum3

161 1718 235 1781 Non
251 1728 357 1782 nmen
372 1720 414 1782 ad
430 1738 592 1781 numerum
609 1718 732 1800 redigar
746 1716 878 1799 spoliata
894 1714 1031 1777 duorum

161 1822 310 1888 Latonoe:
336 1822 426 1886 turba
441 1844 503 1906 quo
518 1824 670 1905 quantum
685 1823 781 1885 distat
795 1819 836 1883 ab
852 1818 951 1882 orba?

161 1926 209 1991 Ite
225 1928 329 2006 sacris,
345 1938 508 2011 properate
524 1927 628 2005 saeris,
645 1926 828 2007 laurumque
844 1922 966 2005 capillis

162 2033 293 2097 Ponite!
339 2034 531 2116 Deponunt3
555 2032 733 2114 infectaque
749 2050 837 2093 saera
851 2027 1054 2110 relinquunt3

163 2138 322 2219 Quodque
338 2138 420 2214 licet,
438 2138 533 2200 tacito
548 2148 735 2200 venerantur
750 2153 908 2197 murmure
925 2151 1057 2194 numen.

207 2240 373 2321 Indignata
389 2240 449 2303 dea
464 2251 528 2303 est:
554 2259 737 2320 summoque
754 2238 786 2300 in
802 2236 919 2299 vertice
935 2233 1057 2319 Cynthi

163 2340 292 2405 Talibus
307 2352 354 2405 est
369 2342 461 2405 dictis
475 2344 602 2425 gemina
616 2364 689 2407 oum
705 2342 791 2424 prole
807 2340 930 2404 locuta:

164 2446 233 2508 ‘En
249 2467 308 2529 ego
323 2458 424 2510 vestra
439 2466 562 2528 parans,
578 2448 665 2511 vobis
680 2448 821 2510 animosa
836 2443 959 2507 creatis.

164 2550 215 2627 Et,
232 2551 290 2614 nisi
305 2550 324 2613 J
326 2552 433 2630 unoni,
449 2551 524 2615 nulli
540 2573 664 2614 cessura
679 2553 820 2626 dearum,
1152 2550 1196 2611 60

164 2654 214 2717 An
232 2656 292 2717 dea
307 2656 374 2733 sim,
391 2648 532 2720 dubitor:
558 2676 674 2738 perque
689 2656 795 2717 ornnia
810 2653 918 2717 secula
932 2651 1027 2715 cultis

164 2758 291 2835 Arcem,
308 2781 327 2822 o
343 2760 418 2837 nati,
434 2761 493 2823 nisi
509 2781 564 2823 vos
579 2759 767 2837 succurritiS,
782 2760 853 2822 aris,

164 2862 194 2924 N
197 2882 234 2925 ec
249 2863 336 2927 dolor
351 2863 402 2925 hic
418 2864 517 2925 solus:
542 2864 610 2925 diro
625 2865 767 2927 convicia
782 2864 866 2927 facto

163 2966 304 3030 Tantalis
319 2966 443 3051 adjecit,
460 2986 574 3048 vosque
589 2977 637 3029 est
652 2980 840 3049 postponere
855 2967 936 3031 natis

164 3070 251 3137 Ausa
265 3074 347 3151 snis;
370 3082 403 3137 at
418 3094 468 3136 ma
486 3070 584 3160 (quod
600 3070 632 3134 in
648 3072 746 3153 ipsam
762 3071 895 3158 recidat)
913 3072 1023 3135 orbam
1146 3076 1189 3137 65

163 3174 259 3255 Dixit,
275 3192 307 3240 et
322 3179 461 3241 exhibuit
476 3177 612 3257 linguam
630 3176 780 3239 scelerata
795 3177 979 3257 paternam)
1122 3179 1125 3184 ’

163 3279 332 3363 Adjectura
348 3302 455 3363 preces
471 3288 536 3342 erat
552 3279 598 3340 his
613 3279 736 3343 Latona
751 3279 872 3343 relatis:

164 3382 320 3463 ‘Desine,'
337 3383 474 3448 Phoebus
489 3382 542 3457 ait,
559 3382 697 3465 ‘(poensa
713 3404 800 3446 mora
815 3384 923 3470 longa)
941 3386 1113 3466 querelas.’

162 3484 249 3551 Dixit
264 3490 346 3554 idern
363 3486 499 3552 Phoebe:
524 3485 679 3567 celerique
695 3507 750 3568 per
764 3490 838 3550 adra
852 3487 942 3569 lapsu

162 3590 366 3676 Contigerant
381 3590 455 3654 tecti
471 3588 643 3651 Cadmeida
659 3589 794 3651 nubibus
807 3611 922 3654 arcem.
1142 3601 1184 3662 70
