2567 4209
509 300 631 353 0v11t’s
651 301 847 351 eunomus.

408 708 547 753 11le
569 707 611 751 0!
632 707 746 751 ΙΕΜΔ
767 707 810 749 '1¹0
832 706 945 751 JASON·

168 897 212 962 ht
226 896 281 963 tibi
295 896 495 974 Colchorum,
510 896 648 974 memini,
665 896 773 979 regina
787 894 907 973 vanari,

211 1003 272 1068 Ars
286 1024 367 1081 mea,
382 1003 454 1067 crim
469 1010 603 1085 peteres,
617 1011 653 1064 ut
668 1001 722 1065 tibi
738 1000 833 1063 ferret
847 1020 955 1083 opem.

166 1106 270 1186 Tune,
285 1129 356 1191 quoe
372 1108 554 1191 dispensant
568 1106 710 1170 mortalia
725 1106 787 1183 fila,
803 1126 924 1169 sorores

211 1213 393 1277 Debuerant
407 1213 492 1276 fusos
506 1211 660 1275 evoluisse
676 1232 772 1275 meos.

166 1318 261 1383 Tunc
274 1319 362 1403 potui
377 1318 494 1382 Medea
509 1317 587 1381 mori
602 1316 695 1381 bene.
742 1316 907 1399 Quidquid
922 1315 964 1379 ab
979 1314 1039 1379 illo

212 1425 348 1489 Produxi
362 1425 434 1489 vitoe
449 1434 599 1507 tempore,
616 1444 711 1505 poena
726 1422 794 1486 fuit.

167 1529 230 1594 Hei
245 1530 341 1594 mihi!
365 1551 421 1593 cur
435 1550 584 1613 unquam,
596 1528 784 1614 juvenilibus
798 1536 871 1591 aeta
884 1525 1026 1605 lacertis,

210 1634 384 1717 Phryxeum
400 1634 489 1716 petiit
503 1633 605 1697 Pelias
619 1632 709 1697 arbor
725 1635 837 1696 ovem?

166 1737 230 1801 Cur
245 1760 383 1823 unquam
397 1737 508 1802 Colchi
523 1737 710 1823 Magnetida
724 1738 858 1801 vidimus
874 1736 972 1820 Argo,

210 1845 378 1930 Turbaque
394 1844 578 1909 Phasiacam
592 1845 688 1909 Graia
702 1844 821 1909 bibistis
836 1846 972 1926 aquam?
1156 1848 1192 1908 10

167 1950 231 2015 Cur
245 1950 322 2015 mihi
337 1950 407 2034 plus
421 1972 514 2033 aequo
528 1950 599 2014 flavi
614 1949 760 2033 placuere
775 1948 887 2031 capilli,

212 2057 254 2121 Et
268 2057 372 2135 decor,
388 2067 421 2121 et
435 2056 551 2139 linguae
565 2055 665 2139 gratia
679 2055 752 2121 fieta
767 2058 853 2119 tuae?
889 2054 892 2061 ’

168 2163 221 2241 At,
237 2162 333 2226 semel
348 2163 381 2225 in
396 2172 517 2226 nostras
531 2161 679 2243 quoniam
695 2182 776 2225 nova
792 2160 904 2243 puppis
917 2180 1032 2225 arenas

212 2267 358 2345 Venerat,
373 2268 510 2334 audaces
524 2266 731 2349 attuleratque
747 2265 837 2343 viros,

167 2372 247 2435 Isset
261 2371 422 2435 anhelatos
437 2392 501 2434 non
517 2372 755 2455 praemedicatus
770 2371 802 2435 in
818 2372 906 2455 ignes
1157 2376 1194 2437 15

211 2478 380 2541 Immemor
395 2476 572 2556 Esonides,
588 2498 703 2559 oraque
718 2479 843 2541 adunca
856 2478 970 2541 bourn:

169 2583 298 2649 Semina
309 2583 444 2671 jecisset,
460 2584 652 2666 totidemque
668 2583 814 2647 sensisset
828 2592 862 2646 et
876 2583 991 2661 hostes,

211 2690 257 2755 Ut
271 2679 398 2755 caderet
412 2689 498 2754 uultu
514 2688 613 2754 cultor
627 2688 669 2751 ab
684 2688 750 2771 ipse
766 2710 833 2752 suo.

168 2797 332 2866 Quantum
348 2795 487 2878 perfidiae
503 2805 617 2872 tecum,
634 2792 793 2872 scelerate,
809 2792 955 2877 perisset!

212 2900 349 2983 Dempta
363 2899 466 2963 forent
480 2899 574 2982 eapiti
589 2901 684 2981 quam
700 2898 780 2963 mela
795 2898 894 2963 multe
909 2899 999 2963 meo!
1152 2904 1196 2965 20

168 3006 225 3071 Est
239 3005 343 3088 aliqua
357 3004 478 3089 ingrato
492 3004 637 3068 meritum
652 3005 837 3087 exprobrare
853 3003 1016 3089 voluptas3

212 3113 284 3178 Huc
298 3113 398 3177 fruar:
423 3112 493 3176 hore
507 3112 547 3175 de
563 3120 594 3175 te
609 3109 725 3193 gaudia
740 3110 805 3173 sola
819 3110 927 3173 seram.

166 3219 276 3283 Jrrssus
291 3220 482 3302 inexpertam
498 3216 631 3281 Colchos
646 3216 807 3279 advertere
823 3215 963 3299 puppim,

211 3324 336 3388 Intrasti
350 3324 458 3406 patriae
474 3344 570 3405 regna
584 3321 676 3384 beata
691 3341 781 3383 meae.

167 3428 240 3493 Hoc
254 3427 317 3490 illie
331 3427 447 3489 Medea
463 3427 519 3501 sui,
536 3446 616 3487 nova
631 3436 731 3505 nupta
746 3426 830 3506 quod
847 3425 897 3489 hic
912 3435 969 3489 est.
1149 3432 1190 3492 25
1277 3452 1281 3480 Δ

212 3530 319 3596 auam
335 3537 423 3611 pater
438 3537 486 3589 aa
500 3527 726 3602 urrumnai
743 3529 829 3589 aves
846 3540 922 3591 eat.
1273 3487 1278 3617 i

166 3631 230 3694 Hie
245 3630 393 3711 Ephyren
408 3631 568 3703 bimarem,
585 3630 724 3710 Scythiae
740 3630 821 3692 latus
836 3632 888 3695 ille
904 3634 1022 3697 nivorae

210 3733 315 3800 Omne
330 3741 426 3808 tenet,
443 3730 535 3794 Ponti
550 3731 613 3810 qua
628 3730 718 3811 plaga
735 3732 813 3795 laeva
824 3735 918 3817 jacet.
