2567 4209
460 590 571 631 onam
599 591 639 632 01⁸
665 590 797 633 CYCNUS.

101 775 248 841 Fecerat
262 776 331 842 haec
346 788 455 842 notum
471 778 581 842 Graias
596 800 669 843 curn
685 779 782 843 milite
798 778 869 844 sorti

103 884 296 947 Adventare
312 893 402 962 rates,
418 905 521 967 neque
536 884 768 967 inexspectatus
784 885 925 949 inarmis

103 986 224 1050 Hostis
239 989 345 1051 adest:
371 988 538 1070 prohibent
551 990 650 1068 aditu,
667 989 800 1073 litusque
816 1000 943 1054 tuentur

103 1093 225 1171 Troes,
241 1104 274 1156 et
289 1092 448 1157 Hectorea
463 1094 580 1177 primus
595 1094 728 1159 fataliter
743 1095 845 1173 basta,

102 1197 294 1275 Protesilai,
310 1199 414 1263 cadis:
439 1198 668 1283 commissaque
685 1198 793 1282 proelia
808 1219 924 1282 magno
1094 1204 1137 1268 30

106 1304 209 1367 Stant
223 1303 351 1382 Danais,
368 1304 517 1386 sortisque
532 1304 646 1367 animae
662 1326 740 1368 nece
756 1305 899 1387 cognitus
915 1305 1047 1371 Hector.

106 1408 186 1472 Nec
202 1409 341 1493 Phryges
356 1409 480 1492 exiguo,
496 1410 572 1492 quid
589 1409 711 1475 Achaia
727 1412 855 1474 dextera
870 1420 986 1493 posset,

107 1515 275 1597 Sanguine
291 1526 472 1579 senserunt:
497 1525 529 1578 et
540 1515 606 1599 jam
622 1516 729 1598 Sigaea
745 1515 899 1579 rubebant

105 1621 237 1684 Litora:
258 1620 323 1705 jam
339 1619 402 1683 leto
417 1620 519 1702 proies
535 1620 706 1703 Neptunia,
723 1620 850 1705 Cycnus

106 1722 200 1785 Mille
217 1722 298 1785 viros
313 1724 460 1786 dederat:
481 1723 546 1807 jam
562 1745 654 1787 curru
671 1723 806 1787 instabat
822 1722 971 1803 Achilles,
1091 1728 1135 1789 35

107 1829 259 1910 Troaque
275 1826 407 1890 Peliacae
423 1827 581 1891 sternebat
595 1828 734 1910 cuspidis
750 1828 813 1891 ictu

107 1933 260 2016 Agmina,
276 1954 393 2016 perque
408 1932 502 2010 acies,
517 1943 573 1995 aut
588 1932 732 2015 Cycnum
747 1944 803 1995 aut
817 1932 956 1997 Hectora
971 1953 1125 2016 quaerens,

107 2038 321 2121 Congreditur
335 2038 464 2121 Cycno;
488 2038 646 2101 decimum
662 2037 774 2101 dilatus
790 2037 821 2100 in
837 2056 954 2101 annum

110 2144 232 2208 Hector
247 2156 324 2207 erat.
370 2144 455 2207 Tum
471 2141 552 2207 colla
563 2143 641 2227 jugo
657 2143 826 2206 candentia
842 2164 962 2225 pressos

112 2250 301 2313 Exhortatus
316 2270 424 2331 equos,
440 2270 564 2312 currum
580 2247 693 2312 direxit
707 2249 738 2312 in
757 2248 897 2327 hostcrn;
1092 2252 1136 2315 40

108 2356 365 2437 concutiensque
382 2354 445 2417 suis
461 2354 613 2418 vibrantia
628 2354 691 2418 tela
706 2354 838 2432 lacertis

110 2460 285 2544 ‘Quisquis
300 2482 345 2536 ea,
361 2482 382 2524 o
392 2460 526 2543 juvenis,
542 2459 652 2523 solatia
666 2460 773 2522 mortis
788 2460 924 2537 babet0‚'

110 2566 208 2643 Dixit,
227 2566 282 2629 ‘ab
297 2564 467 2627 Haemonio
482 2564 567 2647 quod
583 2564 624 2627 sis
635 2563 795 2647 jugulatus
812 2564 955 2627 Achille?

110 2672 276 2736 Hactenus
292 2670 457 2734 AEacides:
483 2690 592 2732 vocem
607 2669 709 2752 gravis
725 2670 812 2732 hasta
827 2677 934 2733 secuta
949 2680 1006 2733 est.

113 2777 178 2841 Sed
194 2798 382 2859 quamquam
399 2775 485 2838 certa
500 2774 603 2838 nulius
618 2774 677 2837 tuit
693 2796 775 2837 error
790 2774 822 2837 in
838 2774 936 2851 hasra,
1091 2780 1135 2840 45

113 2883 167 2947 Nil
183 2894 288 2946 tamen
304 2881 406 2945 emissi
424 2880 554 2964 profecit
568 2880 714 2943 acumine
730 2880 818 2943 serri:

113 2990 218 3072 thue
234 2988 337 3051 hebeti
355 2998 464 3070 pectus
479 2987 698 3050 tantummodo
713 2986 857 3049 contudit
872 2986 935 3048 ictu
948 3007 956 3062 ;

115 3094 214 3158 ‘Nate
230 3093 310 3171 Dea,
327 3114 398 3156 nam
416 3102 447 3155 te
462 3092 546 3156 sama
561 3090 790 3173 praenovimus,'
808 3090 909 3171 inquit

114 3201 178 3276 Ille,
196 3199 289 3281 ‘quid
304 3221 323 3261 a
338 3197 428 3261 nobis
443 3197 556 3260 vulnus
571 3194 690 3257 miraris
705 3194 813 3257 abesse
824 3193 852 3255 ?'

115 3304 284 3369 Mirabatur
299 3303 393 3365 enim.
440 3302 533 3365 ‘Non
549 3301 628 3377 baec,
645 3321 739 3381 quam
755 3299 865 3375 cernis
881 3299 1002 3382 equinis
1092 3306 1134 3366 50

116 3410 211 3473 Fulva
222 3408 306 3493 jubis
321 3408 426 3484 cassis,
442 3428 502 3471 nec
517 3428 596 3469 onus
612 3426 689 3469 cava
705 3426 811 3487 parma
827 3404 958 3468 sinistrae

117 3514 237 3579 Auxilio
253 3514 327 3579 mihi
343 3522 435 3589 sunt3
459 3514 554 3576 decor
569 3524 617 3574 est
632 3511 781 3594 quaesitus
795 3510 836 3573 ab
852 3510 926 3573 istis.

116 3622 198 3689 Mars
212 3620 337 3704 qudque
349 3617 390 3681 ob
406 3618 467 3681 boc
478 3638 591 3698 capere
603 3638 689 3678 arma
701 3616 797 3677 solet:
822 3611 1029 3677 removebitur
1041 3632 1134 3673 omne
1229 3680 1230 3685 η

116 3725 275 3809 Tegminis
290 3723 449 3798 officium3
473 3731 578 3783 tamen
595 3719 794 3782 indestrictus
809 3715 911 3779 abibo.

383 3832 394 3889 l
406 3830 420 3888 l
432 3827 453 3865 *
