2567 4209
543 282 640 332 soor<
663 282 708 331 iv.
878 316 881 320 «
1093 290 1136 353 63

93 451 208 516 Hanc
224 475 284 536 ego
300 454 325 517 si
340 463 478 537 peterem
494 453 627 516 Perseus
643 452 722 516 Jove
738 463 840 530 natus,
856 463 889 516 et
904 453 955 517 ille

98 559 271 641 Gorgonis
286 560 480 641 anguicomae
496 559 627 622 Perseus
643 569 814 642 superator,
831 570 863 623 et
878 558 935 623 alis
1069 563 1136 626 335

101 661 278 727 AEthercas
293 684 386 726 ausus
398 664 522 748 jactatis
538 664 581 727 ire
597 685 768 746 percarus,

102 766 279 830 Praeserrer
294 768 414 831 cunctis
431 769 513 831 certe
529 790 635 851 gener.
682 769 810 832 Addere
826 768 920 832 tantis

103 872 247 935 Dotibus
263 883 295 935 et
311 873 455 935 meritum
474 872 614 961 (faveant
628 873 724 935 modo
741 872 884 959 numina)
903 885 1001 938 tento.

103 977 156 1041 Ut
171 998 245 1039 mea
260 977 308 1054 sit,
325 988 445 1040 servata
461 977 532 1040 mea
547 978 671 1055 virtute,
688 978 849 1059 paciscor.’

107 1081 285 1163 Accipiunt
301 1081 413 1163 legem,
433 1082 516 1168 (quis
531 1083 615 1145 enim
631 1082 786 1145 dubitaret
796 1084 823 1169 i)
842 1094 875 1146 et
889 1093 988 1162 orant,
1067 1089 1134 1151 340

107 1186 363 1268 Promittuntque
380 1188 472 1269 super
488 1209 618 1270 regnum
634 1188 750 1265 dotale,
767 1199 924 1271 parentes.

158 1290 242 1354 Ecce
258 1290 345 1354 velut
361 1291 457 1369 navis,
474 1292 601 1373 praefixo
617 1293 741 1356 concita
755 1305 864 1370 rostro,

112 1396 223 1459 Sulcat
238 1418 344 1477 aquas,
358 1398 509 1481 juvenum
526 1397 709 1460 sudantibus
724 1408 796 1461 acta
810 1397 954 1476 lacertis3

111 1501 169 1564 Sic
184 1500 258 1578 fera,
275 1501 400 1565 dimotis
416 1501 551 1583 impulsu
567 1503 702 1584 pectoris
717 1504 819 1581 undis,

108 1606 251 1669 Tantum
267 1607 374 1669 aberat
389 1606 533 1688 scopulis,
549 1618 701 1689 quantum
717 1608 875 1671 Balearica
890 1619 972 1673 torto
1065 1613 1131 1674 345

108 1712 225 1774 Funda
240 1722 342 1793 potest
357 1711 484 1793 plumbo
499 1712 594 1775 medii
610 1714 816 1776 transmittere
832 1714 921 1777 coeli:

108 1816 192 1879 Ciam
208 1816 309 1879 subito
321 1817 454 1901 juveniS,
470 1817 602 1899 pedibus
617 1818 726 1880 tellure
742 1818 875 1901 repulsa,

112 1920 239 1985 Arduus
255 1921 286 1983 in
303 1922 402 1984 nubes
417 1921 502 1984 abiit.
549 1921 595 1984 Ut
609 1922 640 1983 in
656 1943 781 2003 aequore
797 1943 920 1984 summo

111 2026 230 2089 Umbra
247 2026 300 2089 viri
316 2027 381 2089 visa
396 2037 453 2103 est,
470 2026 566 2089 visam
583 2025 650 2089 sera
664 2026 752 2089 saevit
767 2027 799 2089 in
816 2028 967 2091 umbram.

110 2131 217 2213 thue
232 2130 317 2194 Jovis
333 2151 464 2213 praepes,
481 2152 581 2194 vacuo
597 2132 668 2195 crim
684 2131 764 2194 vidit
779 2131 812 2194 in
826 2153 900 2195 arvo
1064 2138 1130 2199 350

109 2236 305 2300 Praebentem
322 2235 440 2299 Phoebo
455 2234 582 2299 liventia
597 2248 683 2319 terga
698 2238 877 2315 draconem,
952 2235 953 2238 ’

110 2342 257 2423 Occupat
271 2362 423 2419 aversum,
441 2362 503 2404 neu
519 2363 600 2405 saeva
616 2352 793 2424 retorqueat
808 2364 873 2421 ora,

112 2448 321 2529 squamigeris
337 2447 444 2511 avidos
460 2447 526 2529 figit
541 2447 712 2511 cervicibus
729 2468 868 2531 ungues;

113 2552 168 2615 Sic
182 2551 272 2615 celeri
289 2552 393 2614 fissum
410 2571 549 2633 praeceps
564 2573 619 2633 per
633 2553 727 2615 inane
743 2554 848 2615 volatu

111 2658 214 2739 Terga
229 2656 302 2719 serae
318 2656 439 2738 pressit,
455 2657 625 2738 dextroque
642 2656 801 2720 frementis
816 2657 848 2719 in
863 2678 951 2721 armo
1061 2661 1127 2723 355

111 2762 274 2825 Inachides
291 2762 404 2824 sermm
420 2782 515 2825 curvo
531 2773 622 2825 tenus
638 2762 758 2824 abdidit
774 2762 877 2826 hamo.

111 2866 245 2930 Vulnere
261 2866 334 2929 laesa
349 2866 444 2949 gravi,
460 2866 555 2929 modb
571 2888 603 2929 se
620 2866 757 2930 sublimis
772 2868 804 2931 in
821 2889 911 2931 auras

112 2969 242 3049 Attollit,
258 2972 353 3034 modd
369 2972 473 3034 subdit
487 2972 593 3053 aquis3
618 2971 712 3035 modb
728 2994 814 3035 more
829 2973 942 3036 ferocis

112 3076 219 3140 Versat
234 3076 309 3159 apri,
326 3097 419 3159 quem
435 3077 525 3139 turba
540 3098 653 3139 canum
670 3078 865 3139 circumsona
880 3088 984 3141 terret.

112 3180 165 3245 Ille
180 3181 285 3243 avidos
301 3201 420 3242 morsus
436 3178 595 3242 velocibus
610 3179 720 3261 effugit
735 3180 810 3257 alis,
1060 3184 1127 3246 360

113 3286 244 3367 Quaque
260 3294 378 3367 patent,
394 3305 480 3347 nunc
495 3293 582 3365 terga
597 3284 681 3347 cavis
697 3306 789 3367 super
804 3285 904 3350 obsita
919 3287 1058 3365 conchis,

112 3390 142 3454 N
145 3411 202 3453 unc
217 3389 348 3452 laterum
364 3400 475 3466 costas,
492 3410 578 3452 nunc
593 3391 656 3472 qu'a
670 3392 851 3455 tenuissima
865 3393 967 3455 cauda

111 3494 228 3557 Desinit
242 3494 275 3556 in
291 3494 418 3576 piscem,
435 3493 548 3556 falcato
563 3495 705 3558 verberat
721 3516 805 3559 ense.

111 3599 214 3664 Bellua
229 3598 372 3681 poeniceo
388 3598 494 3661 mistos
509 3618 581 3661 cum
597 3600 749 3681 sanguine
765 3601 878 3665 fluctus

111 3705 171 3769 Ore
186 3704 291 3767 vomit.
338 3703 492 3767 Medubre
507 3724 617 3785 graves
632 3705 817 3787 adspergine
833 3727 956 3788 pennae.
1058 3709 1124 3770 365
