2567 4209
547 324 647 377 BOOK·
668 326 690 376 1.
748 340 752 345 ·

104 495 148 561 Et
163 504 288 559 terrena
303 494 371 574 luit,
387 516 476 559 versa
490 504 539 559 est
554 496 586 559 in
602 494 740 578 corporis
754 515 865 559 usum:

105 600 206 671 Quod
222 600 356 665 solidum
372 609 429 679 est,
445 600 590 683 flectique
605 598 726 682 nequit,
740 608 880 663 mutatur
893 598 930 665 in'
941 617 1032 663 ossa:

105 704 207 775 Quod
222 704 317 769 modo
332 726 413 769 vena
427 705 496 783 suit,
512 705 700 789 subleodem
715 704 843 769 nomine
858 702 984 767 mansit.
1063 704 1132 769 tto

105 809 207 891 Inque
222 810 309 873 brevi
323 810 434 892 spatio,
450 828 633 891 superorum
649 809 788 886 numine,
804 828 880 872 saxa

106 912 207 977 Missa
221 914 278 976 viri
293 912 437 977 manibus
452 912 566 977 faciem
581 914 704 976 traxdre
720 912 850 991 virilem,

106 1014 151 1080 Et
166 1017 207 1080 de
223 1017 359 1081 femineo
373 1027 517 1101 reparata
532 1027 579 1080 est
594 1017 712 1081 femina
723 1017 821 1101 jactu.

106 1121 188 1186 Inde
204 1143 304 1205 genus
319 1124 431 1185 durum
447 1143 564 1199 sumne,
581 1120 805 1205 experiensque
819 1120 974 1200 laborum,

107 1225 152 1289 Et
167 1226 357 1290 documenta
371 1228 492 1304 damus,
508 1227 571 1308 qut
585 1226 681 1290 simus
696 1225 815 1308 origine
830 1225 908 1290 nati.
1063 1224 1131 1289 415

550 1491 690 1535 PH'HON·

107 1663 223 1728 Cetera
238 1663 365 1727 diversis
381 1662 471 1725 tellus
485 1661 632 1727 animalia
646 1660 753 1727 formis

109 1769 232 1851 Sponte
247 1769 304 1831 sud
319 1769 450 1851 peperit.

109 1872 218 1936 Edidit
233 1873 411 1937 innumeras
426 1872 565 1956 species3
589 1873 764 1956 partimque
780 1872 894 1957 figuras

108 1975 230 2040 Retulit
245 1977 397 2057 antiquas,
415 1976 527 2058 partim
542 1997 624 2039 nova
637 1987 775 2039 monstra
790 1977 916 2041 creavit.

108 2080 166 2144 illa
181 2082 309 2163 quidem
326 2080 430 2159 nollet,
447 2081 504 2143 sed
520 2090 550 2142 te
567 2102 701 2163 quoque,
718 2081 854 2145 maxime
870 2080 1005 2166 Python,
1064 2084 1132 2149 420

108 2186 193 2249 Tum
208 2185 339 2269 genuit3
363 2184 548 2267 populisque
564 2185 662 2261 novis,
679 2185 839 2267 incognita
854 2205 993 2268 serpens,

107 2290 224 2353 Terror
238 2310 325 2367 eras3
349 2299 471 2352 tantum
488 2288 578 2371 spatii
594 2290 634 2352 de
650 2300 757 2353 monte
773 2289 914 2354 tenebas.

108 2393 204 2457 Hanc
219 2395 296 2457 deus
311 2394 496 2472 arcitenenq
512 2403 545 2456 et
560 2414 723 2476 nunquam
738 2394 851 2457 talibus
865 2395 959 2458 armis

108 2498 205 2577 Ante,
221 2498 279 2562 nisi
295 2499 327 2562 in
343 2498 442 2561 damis
458 2498 638 2581 capreisque
654 2498 828 2581 fugacibus,
845 2519 929 2577 usus,

108 2603 196 2667 Mille
211 2601 433 2687 gravemtelis,
449 2601 600 2665 exhausti
614 2603 696 2685 pene
712 2602 870 2687 pharetris,
1064 2602 1132 2669 425

108 2707 258 2785 Perdidit,
274 2706 374 2771 effuso
389 2728 445 2790 per
460 2705 588 2771 vulnera
604 2707 694 2790 nigra
709 2728 842 2771 veneno.
904 2734 907 2739 ·

109 2812 199 2876 Neve
214 2810 316 2894 operis
332 2810 447 2875 sarnam
463 2811 559 2895 possit
575 2810 679 2874 delere
694 2821 843 2891 vetustas,

6 2916 9 2922 ’
107 2916 246 2980 Instituit
259 2937 362 2980 sacros
378 2914 491 2980 celebri
507 2916 677 2979 certamine
693 2915 795 2994 ludos,

107 3020 229 3103 Pythia,
244 3020 285 3083 de
301 3020 427 3084 dornitae
444 3020 595 3102 serpentis
610 3020 753 3099 nomine,¹
765 3020 877 3085 dictos.

107 3123 168 3188 His
178 3126 330 3210 juvenum
346 3124 525 3206 quicunque
540 3144 636 3185 manu
650 3124 823 3205 pedibusve
838 3124 945 3189 notive
1063 3124 1132 3189 430

106 3229 244 3306 Vicerat,
260 3228 404 3292 aesculeae
421 3226 566 3309 capiebat
582 3225 700 3289 frondis
716 3226 877 3291 honorem.

107 3332 259 3399 Nondum
274 3332 378 3396 laurus
393 3340 469 3411 erat,
486 3330 643 3415 longoque
659 3331 804 3395 decentia
819 3331 905 3395 crine

106 3437 264 3521 Tempora
280 3436 426 3519 cingebat
440 3438 482 3501 de
497 3435 635 3520 quilibet
650 3437 759 3501 arbore
774 3436 923 3502 Phoebus.
