2567 4209
148 304 195 369 23
428 298 547 349 OVID’S
569 297 898 351 mammeam.

147 464 279 551 Argenti
292 466 409 535 bifores
422 468 585 533 radiabant
599 468 718 533 lumine
733 468 852 549 relrae3

150 570 317 637 Materiem
332 573 498 657 superabat
513 594 611 657 opus;
635 594 710 637 nam
725 573 881 639 Mulciber
896 574 960 642 illio
1153 584 1180 645 5

146 675 286 761 AEqnora
300 676 426 742 emlirat
440 678 560 742 medias
575 678 734 761 cingentia
748 689 854 756 terras,

146 781 375 864 Terrarumque
393 782 510 860 orbem,
526 782 713 865 coelumque,
729 784 815 864 quod
829 784 972 849 imminet
985 785 1066 849 orbi.

145 884 304 951 Oaeruleos
320 886 414 951 habet
430 888 516 951 unda
529 887 625 965 deos3
649 887 781 951 Tritona
796 909 958 966 cenorum,

146 986 319 1074 Proteaque
335 991 525 1074 ambiguum,
541 991 794 1074 balaenmumque
810 1003 1004 1075 prementem

146 1088 300 1177 AEgaeona
314 1096 379 1159 suis
393 1095 540 1159 immania
555 1106 642 1179 terga
657 1096 790 1174 lacertis,
960 1128 964 1133 ·
1128 1106 1174 1163 lt)

145 1198 336 1284 Doridaque,
352 1210 384 1263 et
400 1210 505 1264 netes:
531 1222 749 1284 quarumpers
763 1222 838 1265 nare
853 1202 1008 1288 videntur,

145 1304 220 1369 Pars
235 1306 267 1368 in
283 1306 365 1369 mole
380 1307 494 1369 sedens
508 1305 621 1369 virides
637 1306 754 1369 eiecere
763 1306 917 1389 ospillos3

146 1409 236 1474 Pisoe
251 1410 322 1473 vehi
337 1412 491 1494 quedam.
538 1410 648 1474 Facies
662 1432 728 1475 non
742 1411 887 1475 omuibus
902 1433 976 1489 una,

145 1514 217 1579 Nec
231 1515 352 1579 diversa
367 1524 490 1579 temen:
514 1514 638 1597 qualem
654 1516 829 1579 deeetesse
845 1536 993 1580 sororum.

144 1619 244 1683 Terra
258 1617 348 1697 viros,
365 1618 517 1700 urbesque
532 1618 622 1701 gerit,
639 1619 803 1702 silvasque,
819 1620 972 1703 ferasque,
1125 1626 1168 1687 15

144 1720 359 1805 Fluminaque,
375 1734 408 1786 et
422 1722 586 1806 nymphas,
601 1734 635 1786 et
654 1736 759 1787 oetera
775 1707 907 1789 numina
920 1726 1008 1789 ruris.

143 1822 226 1891 Haee
241 1848 333 1911 super
348 1826 493 1911 imposita
507 1837 556 1891 est
567 1828 637 1891 eoeli
653 1828 800 1911 fulgentis
815 1828 919 1912 imago
929 1852 942 1893 ε.

145 1930 305 2017 Signaque
320 1954 374 1997 sex
390 1932 508 1997 foribus
523 1933 649 2012 dextris,
665 1932 858 2015 totidemque
873 1934 1012 1998 sinistris.

189 2038 266 2106 Quo
280 2038 372 2103 simul
386 2038 504 2103 acclivo
519 2038 704 2123 Clymeneia
718 2038 815 2101 limite
829 2038 931 2121 proles

143 2142 249 2221 Venit,
265 2154 298 2205 et
313 2143 438 2207 intravit
453 2144 584 2206 dubitati
600 2153 685 2207 tecta
699 2144 845 2226 parentis,
1119 2148 1166 2211 ΞΟ

143 2246 288 2311 Protinus
303 2248 344 2311 ad
359 2248 474 2329 patrios
489 2268 546 2310 sue
561 2246 621 2310 sert
635 2248 764 2331 vestigia
778 2248 892 2327 vultus,

142 2342 353 2435 consistitque
368 2350 494 2435 procul:
520 2373 621 2434 neque
638 2354 723 2417 enim
737 2354 882 2437 propiora
897 2353 1015 2418 ferebat

143 2456 289 2520 Lumine.
335 2454 496 2539 Purpurea
510 2456 628 2521 velatus
644 2468 731 2521 veste
746 2458 876 2523 sedebat

142 2559 180 2623 In
196 2560 274 2625 solio
289 2560 425 2625 Pboebus
440 2561 529 2625 elaris
544 2562 669 2627 lucente
685 2563 868 2646 zmaragdis.

142 2663 173 2729 A
188 2666 298 2729 dextri
312 2666 452 2751 laevique
468 2666 554 2746 Dies,
570 2677 603 2730 et
617 2666 748 2745 Mensis,
764 2677 798 2729 et
812 2666 936 2745 Annus,
1118 2670 1162 2731 25

143 2769 339 2853 Saeeulaque,
356 2783 388 2835 et
410 2772 519 2854 positae
536 2772 642 2854 spatiis
657 2771 829 2854 aequalibus
844 2769 960 2834 Horae:

142 2873 266 2957 Verque
282 2895 397 2937 novum
414 2874 525 2952 stabat,
542 2875 680 2938 cinctum
695 2875 825 2939 florente
841 2875 974 2939 coronis:
1047 2944 1050 2947 ,

143 2978 254 3055 Stebqt
268 2978 354 3041 nuda
369 2976 483 3053 AEstaq
499 2988 532 3042 et
547 2979 652 3061 spicea
667 2990 749 3042 serta
762 2980 900 3063 gerebat.

142 3084 254 3151 Stabat
268 3095 300 3148 et
316 3084 505 3163 Autumnus,
521 3084 647 3149 caleatis
663 3085 805 3148 sordidus
820 3085 899 3162 uvis,

141 3190 183 3253 Et
197 3189 336 3271 glacialis
350 3190 479 3268 HiemS,
488 3212 584 3258 canos
600 3191 719 3253 hirsuta
733 3190 870 3271 capillos.
1115 3194 1161 3255 30

184 3294 263 3357 Inde
278 3292 348 3357 loco
363 3274 485 3358 medius
500 3315 601 3357 rerum
618 3295 755 3358 novitate
771 3304 937 3376 paventem

141 3398 197 3466 Sol
212 3397 310 3461 oeulis
321 3398 480 3482 juvenem,
495 3398 607 3480 quibus
622 3398 756 3479 adspicit
770 3399 885 3477 omnia,
901 3398 988 3461 vidit.

142 3502 309 3586 ‘Quaeque
324 3502 383 3565 vire
400 3502 455 3565 tibi
471 3504 587 3567 causei
634 3502 724 3575 Quid
740 3504 820 3581 bae,'
837 3503 892 3580 ait,
909 3511 1000 3567 ‘aree
1016 3501 1132 3588 petisti,

139 3608 318 3691 Progenies,
334 3606 508 3685 Phaethon,
524 3606 609 3671 haud
624 3607 793 3671 inficianda
806 3607 927 3690 parenti
937 3607 969 3672 i'

140 3710 196 3776 llle
212 3710 322 3774 refert:
348 3711 399 3774 ‘O
413 3710 466 3775 lux
481 3710 623 3775 immensi
639 3711 764 3793 publiea
778 3711 899 3788 mundi,
1114 3715 1158 3775 35
1222 3784 1225 3791 ⁵
