2567 4209
161 290 210 359 ᾖ
438 290 558 343 OVlD'S
578 291 910 345 Musemonrnosss.

362 587 495 655 unane
519 589 675 635 comosa
698 591 776 633 mro
798 592 821 634 s
840 592 982 637 umes.
1027 627 1031 633 .

604 747 634 789 v.
658 730 735 790 452.

161 862 283 931 Primus
297 886 384 931 amor
399 865 510 929 Phoebi
526 865 661 949 Daphne
677 864 815 944 Peneia3
837 887 932 949 quem
947 888 1029 951 non¹

160 966 238 1035 Fors
253 970 360 1053 ignara
375 970 473 1049 dedit,
489 972 545 1033 sed
561 992 645 1035 saeva
659 969 823 1054 Cupidinis
838 970 893 1035 ira.
1118 973 1189 1036 435

161 1070 271 1137 Delius
286 1072 371 1138 hunc
386 1094 495 1157 nuper,
512 1074 595 1139 vietai
611 1085 755 1158 serpente
771 1076 933 1158 superbus,
958 1156 962 1162 p

161 1177 293 1243 Viderat
308 1180 446 1242 adducto
461 1180 639 1243 flectentem
656 1201 774 1243 eumue
788 1201 902 1243 nervo:

162 1282 335 1365 ‘Quidque
352 1283 416 1363 tibi,
433 1283 546 1347 lascive
562 1306 650 1368 puer,
667 1288 739 1348 cum
755 1284 886 1347 fortibus
901 1284 1034 1348 armis?’

160 1385 307 1452 Dixerat:
335 1388 413 1453 ‘ista
427 1389 543 1452 decent
557 1390 704 1453 humeros
717 1388 891 1472 gestanrina
905 1399 1037 1466 nostros,

162 1492 229 1561 Qui
245 1495 319 1556 dare
334 1504 419 1556 certa
435 1494 519 1571 ferae,
536 1497 610 1558 dare
626 1493 755 1556 vulnera
769 1494 933 1577 possumus
949 1493 1039 1556 hosti.
1116 1495 1185 1556 440

162 1596 229 1667 Qui
244 1597 349 1675 modo,
365 1598 512 1679 pestifero
528 1608 574 1661 tot
585 1599 697 1684 jugera
711 1609 819 1663 ventre
834 1608 1039 1681 prementem,

163 1702 335 1767 Stravimus
351 1702 532 1780 innumeris,
548 1705 704 1767 tumidum
719 1702 874 1786 Pythona,
891 1702 1031 1785 sagittis!

109 1862 112 1867 ,
161 1806 258 1871 Filius
274 1807 347 1871 huic
362 1807 511 1886 Veneris;
536 1808 648 1891 ‘Figat
663 1818 733 1871 tuus
749 1808 865 1885 omnia,
880 1807 1010 1885 Pnoebe,

161 1913 210 1977 Te
226 1933 314 1977 meus
330 1913 443 1989 urcuS‚'
460 1914 523 1991 ait;
549 1922 747 1997 ‘quantoque
763 1911 909 1975 animalia
924 1913 1042 1975 cedunt

160 2016 285 2082 Cuncta
299 2017 365 2097 tibi,
382 2028 469 2081 tanto
484 2018 585 2082 minor
600 2027 649 2079 est
664 2027 718 2079 tua
731 2016 829 2101 gloria
844 2016 970 2079 nostrai!
1114 2015 1184 2077 445

204 2122 308 2186 Dixit:
334 2133 376 2200 et,
392 2123 468 2185 eliso
484 2124 636 2204 percussis
652 2125 724 2183 aere
740 2121 861 2203 pennis,

160 2226 297 2309 Impiger
311 2225 457 2289 umbrosa
471 2224 613 2289 Parnassi
626 2227 764 2289 constitit
778 2248 861 2304 arce,

160 2331 250 2415 Eque
266 2325 435 2414 sagittiferi
450 2330 600 2413 prompsit
615 2332 679 2395 duo
695 2332 757 2394 tela
772 2332 917 2413 pharetris
953 2341 956 2347 '

160 2436 361 2501 Diversorum
376 2458 515 2519 operum.
562 2435 664 2519 Fugat
679 2436 750 2513 hoc,
766 2435 841 2499 facit
855 2436 931 2499 illud
947 2455 1096 2498 amorem.

161 2544 258 2614 Quod
276 2543 359 2621 lacit,
375 2553 517 2606 auratum
533 2552 591 2621 est,
607 2552 639 2605 et
654 2542 784 2623 cuspide
800 2540 899 2623 fulget
912 2541 1023 2603 acuti:
1114 2542 1181 2603 450

161 2649 259 2719 Quod
276 2648 373 2733 sugat,
385 2648 531 2712 obtusum
547 2659 603 2725 est,
617 2657 649 2709 et
660 2646 754 2709 habet
769 2646 827 2707 sub
838 2646 991 2708 arundine
1007 2642 1178 2727 plumbum.

159 2754 233 2819 Hoc
248 2756 326 2819 deus
341 2754 373 2818 in
390 2754 528 2837 nymphi
544 2752 682 2816 Peneide
698 2750 764 2814 fixit
773 2774 781 2829 ;
805 2761 837 2813 at
852 2748 904 2813 illo
944 2767 947 2771 ·

159 2860 257 2925 Laesit
272 2858 453 2942 Apollineas
469 2860 597 2943 trajecta
612 2878 668 2939 per
683 2878 753 2919 ossa
768 2854 930 2919 medullas.

159 2966 305 3031 Protinus
320 2964 397 3026 alter
412 2973 515 3041 amat3
539 2962 619 3045 fugit
634 2962 731 3025 altera
746 2982 861 3024 nomen
877 2960 1021 3037 amantis,

161 3070 316 3137 Silvarum
331 3068 455 3133 latebris
472 3068 726 3151 captivarumque
743 3066 877 3128 serarum
1113 3066 1180 3128 455

161 3176 291 3241 Exuviis
306 3178 458 3259 gaudens,
474 3175 678 3291 innuptaeque
693 3172 807 3238 aemula
821 3168 966 3248 Phoebes,

159 3280 247 3350 Vitta
262 3281 426 3344 coercebat
441 3281 558 3363 positos
574 3278 641 3340 sine
656 3277 726 3357 lege
742 3274 880 3358 capillos

159 3384 217 3450 Illa
231 3385 320 3467 fugit,
336 3406 438 3466 neque
454 3384 495 3445 ad
511 3383 579 3444 haec
595 3401 728 3443 revoean
731 3380 768 3441 tis
731 3379 878 3442 tverba
892 3378 1016 3441 resistit.

161 3490 211 3552 ‘N
214 3490 339 3573 ympha,
356 3509 476 3571 precor,
493 3486 601 3561 Penei,
618 3505 728 3547 mane:
754 3506 818 3547 non
834 3485 980 3567 insequor
996 3482 1103 3561 hostis,

160 3594 192 3659 N
193 3594 319 3677 ympha,
335 3614 438 3657 mane.
485 3590 541 3655 Sic
555 3612 638 3673 agna
652 3590 771 3672 lupum,
788 3589 833 3653 sic
848 3610 939 3652 cerva
954 3588 1089 3665 leonem,
1115 3589 1181 3651 460

161 3698 216 3763 Sic
230 3697 366 3779 aquilam
382 3696 488 3779 penn'd
503 3694 626 3777 fugiunt
642 3694 818 3775 trepidante
833 3692 1008 3772 columbae3
