2567 4209
157 326 202 391 62
360 322 366 335 '
434 318 554 369 OVID'S
575 318 903 369 METAMORPHOSES.

393 618 535 660 PBRSEUS
562 618 704 659 RESCUES
730 618 938 661 mononem.

601 789 631 831 v.
655 771 732 831 662.

200 924 362 989 Clauserat
377 922 574 1007 Hippotades
588 934 708 987 aeterno
722 945 847 987 carcere
863 933 985 1002 ventos,

159 1028 406 1111 Admonitorque
422 1049 551 1111 operum
567 1028 648 1091 coelo
662 1028 847 1092 clarissimus
863 1029 927 1091 alto

160 1134 286 1197 Lucifer
301 1144 386 1198 ortus
401 1145 477 1197 erat.
523 1133 638 1196 Pennis
654 1132 794 1215 lig-atille
810 1134 976 1214 resumptis

158 1238 250 1302 Parte
265 1238 305 1302 ab
321 1240 451 1321 utraque
467 1238 574 1321 pedes,
591 1238 715 1320 teloque
730 1238 905 1320 adcingitur
920 1260 1019 1312 unco,

160 1344 201 1407 Et
215 1344 367 1427 liquidum
383 1344 474 1407 motis
490 1342 635 1406 talaribus
651 1346 724 1406 adra
739 1342 842 1405 findit.
1125 1350 1195 1409 310

159 1450 315 1514 Gentibus
330 1450 500 1514 innumeris
516 1450 693 1531 circomquc
710 1449 850 1530 infraque
865 1448 990 1525 relictis,

160 1553 344 1637 AEthiopum
359 1554 502 1638 populos,
519 1553 661 1636 Cepheia
675 1553 830 1635 conspicit
844 1575 927 1616 arva.

204 1658 272 1722 Illic
287 1659 472 1721 immeritam
489 1670 636 1722 rnaternae
653 1659 791 1740 pendere
807 1658 923 1740 lingnae

161 1764 385 1827 Andromedan
401 1784 510 1847 poenas
526 1764 651 1826 immitis
664 1763 796 1848 jusserat
813 1765 960 1826 Ammon.

161 1869 268 1939 Quam
284 1868 375 1931 simul
389 1870 430 1932 ad
446 1870 539 1932 duras
554 1867 713 1949 religatam
728 1868 855 1931 brachia
870 1878 977 1931 cautes
1123 1874 1194 1933 315

161 1974 248 2038 Vidit
264 1974 467 2051 Abantiades,
483 1974 536 2050 ait,
554 1972 603 2035 ‘O
619 1993 683 2035 non
699 1973 795 2055 digna
810 1972 939 2049 catenis,

161 2080 269 2144 Pande
285 2080 452 2163 requirenti
468 2088 753 2160 nomenterraeque
768 2088 929 2160 tuumque,

162 2184 204 2246 Et
218 2205 274 2247 cur
289 2184 391 2247 vincla
406 2184 516 2266 geras)
562 2182 666 2245 Primo
682 2182 752 2245 silet
766 2182 829 2259 illa,
845 2204 905 2245 nec
920 2184 1028 2246 audet·

163 2287 330 2369 Appellare
346 2288 444 2351 virum
461 2288 566 2369 virgo;
590 2287 795 2369 manibusque
811 2288 968 2350 modestos

161 2391 304 2455 Celesset
319 2390 432 2469 vultus,
448 2392 473 2455 si
489 2413 552 2455 non
568 2392 697 2475 religata
712 2392 829 2455 fuisset.
1125 2398 1195 2459 320

163 2497 409 2588 Luminapquod
425 2497 536 2579 potuit,
552 2495 695 2579 lacrymis
710 2496 850 2578 implevit
864 2496 989 2560 obortis.

164 2602 286 2684 Saepius
302 2602 439 2680 instanti,
456 2623 511 2665 sua
527 2623 567 2664 ne
582 2600 697 2663 delicta
713 2600 801 2663 lateri

163 2706 255 2771 Nolle
273 2708 436 2784 videretur,
453 2728 568 2770 nomen
585 2716 737 2787 terraeque
753 2727 916 2788 suumque,

163 2812 355 2893 Quantaque
370 2822 518 2873 maternae
535 2810 629 2873 luerit
645 2809 761 2873 fiducia
775 2810 894 2887 formae,

163 2916 296 2980 lndioat.
343 2914 393 2992 Et,
410 2914 550 2977 nondum
566 2916 743 2978 memoratis
758 2916 912 2993 omnibus,
928 2916 1014 2978 unda
1052 2940 1073 2957 *
1121 2922 1192 2982 325

163 3020 324 3098 Insonuit3
347 3020 537 3102 veniensque
552 3020 706 3083 immenso
722 3020 824 3083 bellua
839 3030 938 3103 ponto

164 3126 301 3204 Eminet,
317 3136 350 3188 et
365 3125 461 3189 latum
477 3124 534 3187 sub
550 3137 677 3207 pectore
693 3125 831 3207 possidet
845 3147 962 3208 aequor.

163 3230 347 3294 Conclamat
362 3231 466 3312 virgo:
491 3230 612 3311 genitor
628 3229 776 3311 lugubris,
791 3240 824 3293 et
838 3252 947 3293 amens

164 3334 267 3397 Mater
282 3336 391 3411 adest;
414 3334 506 3398 ambo
522 3333 635 3410 miseri,
651 3335 705 3396 sed
719 3335 830 3419 justiirs
846 3335 907 3398 illa.

165 3437 235 3502 Nec
251 3460 356 3501 secum
372 3436 531 3514 auxilium,
548 3438 603 3500 sed
619 3437 732 3520 dignos
748 3449 888 3522 tempore
903 3440 1005 3517 fletus,
1119 3446 1188 3507 330

165 3543 409 3625 Plangoremque
426 3541 539 3619 serunt,
556 3543 723 3625 vinctoque
740 3544 773 3607 in
789 3566 918 3627 corpore
933 3545 1107 3608 adhaerent.

164 3647 244 3711 Cirm
260 3648 304 3710 sic
319 3648 431 3728 hospes
446 3646 509 3708 ait:
537 3646 779 3727 ‘Laorymarum
797 3649 890 3729 longa
904 3670 1031 3711 manere

165 3752 322 3833 Tempora
333 3771 387 3812 vos
403 3760 565 3831 poterunt:
590 3749 631 3810 ad
644 3770 736 3829 opem
748 3751 850 3813 brevis
862 3752 937 3813 hora
949 3752 1110 3815 serendam
1126 3767 1185 3820 est.
