2567 4209
162 312 225 375 118
434 306 554 356 ovln’s
576 305 909 356 METAMORPHOSES.

477 622 546 665 ἸἮΙ
570 623 654 665 cnut:
678 622 719 665 01·
743 623 856 665 SLEEP·

202 792 301 859 AEclis
316 794 436 859 interea
449 804 607 859 tantorum
621 794 730 877 ignara
745 794 895 858 mulorum

156 898 343 966 Dinumeret
357 910 484 965 noctes:
508 900 628 985 etjam,
645 919 722 982 quas
737 900 847 963 induat
862 900 926 978 ille,

157 1004 297 1071 Festinat
312 1017 432 1083 vestes3
452 1007 519 1091 jam
533 1026 621 1088 quas,
636 1004 690 1068 ubi
707 1006 826 1069 venerit
840 1005 901 1083 ille,

156 1109 230 1193 Ipsa
243 1122 350 1194 gerat3
373 1111 552 1194 reditusque
567 1111 625 1173 sibi
640 1111 791 1193 promittit
806 1111 926 1173 inanes.

157 1215 313 1280 Omnibus
328 1217 380 1281 illa
394 1217 520 1300 quidem
535 1216 654 1299 superis
670 1216 721 1299 pia
736 1216 828 1280 thura
842 1216 983 1293 ferebat3

157 1318 242 1383 Ante
257 1332 363 1385 tamen
378 1332 509 1385 cunctos
523 1319 658 1384 Junonis
674 1318 790 1403 templa
805 1319 938 1397 colebat,

156 1423 278 1506 Proque
294 1425 370 1502 viro,
385 1425 439 1507 qui
455 1424 556 1487 nullus
571 1434 648 1501 erat,
663 1424 808 1487 veniebat
822 1425 863 1487 ad
879 1445 968 1501 aras3

156 1528 263 1612 thue
278 1529 360 1592 soret
373 1550 481 1611 sospes
495 1528 610 1613 conjux
625 1550 710 1607 suus,
726 1540 822 1611 utque
837 1528 963 1607 rediret,

156 1632 305 1714 optabat,
322 1633 501 1715 nullamque
516 1634 573 1697 sibi
590 1633 760 1717 praeserret·
809 1633 853 1696 At
867 1634 911 1697 illi

156 1736 230 1801 Hoc
244 1740 285 1801 de
301 1748 347 1801 tot
361 1738 440 1801 votis
456 1749 578 1821 poterat
592 1740 774 1822 contingere
790 1739 901 1803 solum.

201 1842 245 1907 At
260 1845 322 1909 dea
336 1866 400 1908 non
416 1843 497 1908 ultra
512 1865 569 1927 pro
584 1845 694 1908 functe
708 1856 807 1908 morte
823 1845 924 1928 rogari

157 1951 317 2029 Sustinet3
341 1961 437 2033 utque
453 1971 564 2015 manus
579 1950 718 2013 funestas
733 1961 839 2014 arceat
852 1950 922 2031 uris,

157 2056 228 2134 ‘Iri,
244 2056 345 2135 meae‚'
361 2057 451 2135 dixit,
467 2056 634 2120 ‘fidissima
650 2056 766 2119 nuncia
781 2056 875 2133 vocis,

156 2161 231 2225 Vise
247 2161 448 2244 soporiferam
466 2161 577 2225 Somni
591 2159 741 2224 velociter
755 2160 877 2225 aulam:

156 2266 372 2349 Exstinctique
383 2266 459 2350 jube
475 2265 588 2349 Ceycis
603 2266 739 2349 imagine
755 2266 858 2329 mittat

157 2370 287 2435 Somnia
300 2371 342 2435 ud
357 2370 554 2453 Halcyonen‚
570 2392 660 2435 veros
675 2371 828 2435 imitantia
843 2371 954 2435 casus.’

155 2474 295 2539 Dixerat.
341 2474 485 2538 Induitur
499 2476 654 2539 velamina
668 2476 753 2541 mille
769 2476 907 2540 colorum

155 2581 223 2660 Iris,
239 2592 272 2645 et
286 2592 416 2665 arquato
431 2581 545 2646 coelum
560 2582 740 2647 curvamine
756 2582 882 2665 signans
1266 2642 1267 2651 ,

154 2689 256 2752 Tecta
272 2689 351 2771 petit
361 2688 438 2774 jussi
453 2689 511 2752 sub
527 2710 603 2771 rupe
618 2688 747 2751 latentia
761 2688 851 2771 regis.

200 2792 257 2855 Est
271 2812 368 2874 prope
384 2792 568 2856 Cimmerios
583 2792 679 2875 longo
693 2793 841 2875 spelunca
856 2814 991 2872 recessu,

155 2897 250 2961 Mons
264 2918 370 2973 cavus,
385 2896 489 2979 ignavi
505 2898 617 2960 domus
632 2908 665 2961 et
681 2898 852 2981 penetralia
869 2899 998 2963 Somni:
1114 2904 1179 2966 230
1265 2906 1266 2909 ’

155 3001 231 3074 Qut
246 3023 407 3084 nunquam
422 3002 515 3066 radiis
530 3000 643 3079 oriens,
660 3005 830 3082 mediusve,
847 3005 1003 3068 cadensve

153 3109 291 3175 Phoebus
305 3108 391 3173 adire
407 3118 519 3192 potest.
566 3107 700 3172 Nebulae
716 3109 847 3191 caligine
862 3110 968 3173 mixtae

155 3215 347 3279 Exhalantur
361 3216 468 3291 humo,
484 3214 650 3297 dubieque
667 3214 849 3296 crepuscula
865 3213 952 3278 lucis.
984 3290 986 3295 ι

154 3320 229 3384 Non
245 3319 318 3402 vigil
332 3319 397 3382 ales
413 3321 455 3384 ibi
471 3320 586 3383 cristati
602 3317 745 3382 cantibus
760 3320 820 3383 oris

154 3424 274 3488 Evocat
289 3423 454 3500 Auroram,
470 3444 530 3486 nec
545 3444 622 3486 voce
638 3423 760 3485 silentia
775 3434 924 3506 rumpunt
1112 3430 1172 3492 235

154 3527 325 3591 Sollicitive
340 3546 445 3603 canes,
461 3526 628 3588 canibusve
645 3527 783 3607 sagacior
798 3548 899 3591 anser.
1263 3488 1264 3565 i

153 3628 319 3705 Noctem,
335 3648 399 3689 non
414 3628 562 3708 pecudes,
579 3648 642 3689 non
658 3628 734 3691 moti
750 3631 875 3693 flamine
890 3632 978 3709 rami,

153 3732 350 3797 Humanoeve
365 3750 477 3793 sonum
492 3731 628 3793 reddunt
643 3732 785 3794 convicia
800 3732 926 3815 linguan.
