2567 4209
525 302 622 352 BOOK
645 302 718 352 VIII.

107 466 258 534 Murmur
271 481 348 550 erat,
364 492 517 555 vocesque
533 472 694 535 hominum
709 471 856 535 exaudire
872 471 1009 549 videbar,

106 572 185 637 ,lam
200 575 276 638 mihi
291 577 444 639 desuetas.
491 577 576 640 Dum
591 577 730 660 suspicor
745 577 799 639 has
815 596 939 659 quoque
954 575 1065 653 somni,

108 676 199 741 Ecce
214 672 300 743 venit
314 680 467 744 Telamon
482 702 641 765 properus,
658 681 835 764 foribusque
851 680 988 759 reclusis,
1067 682 1132 743 265

111 785 273 866 “Speque
290 784 423 868 fideque,
439 787 558 868 pater,''
575 786 663 864 dixit,
680 788 826 870 “majora
841 786 970 849 videbis.

109 886 304 969 Egredere.''
351 889 510 972 Egredior,
525 890 694 972 qualesque
710 890 742 952 in
757 890 893 973 imagine
909 890 1010 953 somni

110 990 208 1054 Visus
222 1012 307 1055 eram
322 994 434 1057 vidisse
449 994 540 1072 viros,
556 1016 595 1057 ex
611 995 720 1057 ordine
736 995 814 1057 tales

110 1093 275 1177 Adspicit),
291 1118 499 1181 agnoscoque.
545 1099 685 1176 Adeunt,
702 1094 868 1182 regemque
884 1098 1029 1162 salutant.

110 1199 197 1263 Vota
212 1198 282 1263 Jovi
298 1201 393 1279 solvo,
410 1204 593 1285 populisque
608 1204 784 1266 repentibus
800 1204 908 1267 urbem
1069 1206 1134 1267 270

110 1302 243 1381 Partior,
259 1315 292 1367 et
306 1326 421 1369 vacuos
436 1307 543 1389 priscis
559 1306 729 1370 cultoribus
742 1328 832 1389 agros
840 1330 848 1384 ;
902 1335 906 1341 ⁴

111 1406 392 1492 Myrmidonasque
408 1431 496 1488 voco,
513 1432 573 1474 nee
588 1411 705 1493 origine
722 1411 848 1475 nomina
864 1410 983 1475 fraudo.

110 1510 253 1592 Corpora
268 1513 380 1576 vidisti.
426 1513 541 1592 Mores,
558 1536 635 1597 quos
651 1516 724 1577 ante
739 1515 898 1597 gerebant,
1097 1586 1101 1593 ¹

111 1616 146 1679 N
149 1638 212 1679 unc
226 1617 350 1699 qudque
365 1619 500 1698 habent3
524 1620 714 1703 parcumque
729 1640 838 1703 genus,
851 1620 1034 1703 patiensque
1049 1619 1133 1684 labo·

294 1744 373 1802 rum,
912 1790 916 1798 .

112 1825 313 1911 Quaesitique
329 1838 432 1907 tenax,
447 1839 481 1893 et
494 1830 547 1912 qui
563 1830 694 1913 quaesita
708 1830 886 1895 reservent)
1069 1830 1133 1891 275

410 2116 833 2127 —-—-————-

470 2364 620 2428 BOOK
659 2366 782 2429 VIII.

425 2614 580 2657 Balouos
606 2616 671 2656 AND
698 2615 823 2656 manus.

559 2769 588 2811 v.
620 2751 692 2813 183.

115 2884 266 2947 Daedalus
280 2884 398 2948 interea
413 2884 539 2963 Creten,
557 2886 746 2968 longumque
763 2906 891 2968 perosus

117 2989 278 3067 Exsilium,
293 2999 470 3071 tractusque
486 2990 542 3053 soli
557 2991 668 3054 natalis
682 3012 798 3067 amore,

115 3092 247 3156 Clausus
262 3104 329 3156 erat
344 3094 463 3176 pelago.
511 3094 643 3157 ‘Terras
659 3093 751 3170 lioet,'
768 3092 877 3174 inquit,
895 3099 946 3153 ‘et
960 3091 1061 3154 undas

116 3198 276 3275 Obstruat,
292 3208 325 3261 at
340 3199 453 3261 ooelum
470 3200 554 3261 certe
570 3208 675 3281 patet:¹
698 3197 811 3259 ibimus
826 3195 907 3257 illac.

117 3302 233 3365 Omnia
248 3303 414 3384 possideat,
431 3324 495 3366 non
512 3303 650 3384 possidet
665 3304 737 3364 adra
752 3300 878 3365 Minos!
1114 3301 1135 3361 5

159 3407 266 3471 Dixit:
292 3418 325 3471 et
340 3408 462 3490 ignotas
476 3408 615 3471 animum
631 3407 757 3470 dimittit
771 3407 804 3469 in
820 3416 910 3483 artes,

119 3513 333 3594 Naturamque
349 3523 453 3574 novat.
501 3512 584 3575 Nam
599 3512 688 3593 ponit
702 3513 734 3574 in
750 3511 858 3573 ordine
874 3530 1003 3592 pennas,

118 3617 144 3679 A
161 3616 290 3679 minimi
304 3628 433 3699 ooeptas,
450 3616 574 3697 longam
589 3614 728 3677 breviore
744 3611 906 3695 sequenti:

118 3721 160 3786 Ut
175 3721 256 3783 olivo
271 3722 403 3785 crevisse
419 3730 521 3802 putes.
568 3720 624 3783 Sic
637 3719 752 3781 rustioa
767 3716 925 3797 quondam
