2567 4209
170 310 214 373 92
447 304 567 353 OVlD'S
589 304 920 354 ustauourflosss

170 475 244 538 Non
259 473 330 538 mni
345 474 476 557 tetigere
490 474 576 558 lupi:
600 475 720 558 dilapffl
735 474 921 558 liquescunt,

169 579 350 662 Afflatuque
365 590 491 657 nocent,
507 591 540 643 et
554 591 653 662 agunt
668 581 813 663 contagia
828 580 902 644 late.

214 685 360 748 Pervenit
373 685 415 749 ad
430 685 558 748 miseros
573 686 691 749 damno
704 686 845 768 graviore
861 686 991 750 colonos

170 790 280 869 Pestis,
296 799 329 853 et
344 792 377 853 in
391 812 515 873 magnae
531 791 710 854 dominatur
725 791 880 855 moenibus
897 791 990 855 urbis.
1139 797 1202 857 175

170 896 300 960 Viscera
314 906 470 959 torrentur
485 896 596 979 primo,
610 896 808 978 flammaeque
824 896 949 961 latentis

170 1001 326 1064 Indicium
342 1001 435 1064 rubor
449 1011 507 1079 est,
523 1011 556 1063 et
570 1002 685 1064 ductus
699 1000 855 1066 anhelitus
870 1022 966 1085 aegre.

171 1105 292 1189 Aspera
306 1106 413 1189 lingua
427 1117 537 1184 tumet,
553 1107 728 1189 tepidisque
743 1107 863 1171 arentia
878 1108 978 1171 ventis

171 1212 238 1275 Ora
252 1222 370 1295 patent,
385 1232 532 1294 auraeque
547 1232 658 1295 graves
672 1221 838 1293 captantur
853 1212 950 1276 hiatu.

172 1317 247 1381 Non
263 1328 403 1395 stratum,
419 1338 483 1379 non
499 1316 563 1379 ulla
578 1316 643 1399 pati
659 1316 813 1381 velamina
828 1328 977 1399 possunt3
1142 1320 1205 1383 180

171 1422 260 1487 Dura
274 1425 329 1486 sed
346 1423 378 1486 in
394 1423 476 1485 terri
491 1432 614 1504 ponunt
628 1422 817 1504 praecordia:
843 1444 903 1487 nec
918 1422 953 1486 fit

171 1528 294 1610 Corpus
309 1528 405 1591 humo
418 1527 568 1609 gelidum,
584 1528 640 1590 sed
657 1527 770 1591 humus
785 1529 826 1591 de
841 1548 969 1610 corpore
985 1528 1100 1593 servet.

172 1633 244 1695 Nee
258 1632 435 1695 moderator
449 1632 558 1708 adest3
581 1631 677 1715 inque
693 1633 776 1715 ipsos
792 1654 875 1696 saeva
889 1634 1053 1697 medentes

173 1736 317 1820 Erumpit
332 1736 448 1815 clades,
464 1736 641 1819 obsuntque
657 1738 835 1801 auctoribus
849 1748 941 1802 artes.

174 1843 250 1912 Quo
265 1842 389 1926 propior
403 1842 534 1925 quisque
549 1851 608 1921 est,
624 1844 780 1926 servitque
797 1843 916 1907 fidelius
932 1864 1027 1926 aegm,
1140 1848 1204 1909 185

172 1946 211 2011 In
226 1956 345 2030 partem
361 1945 415 2009 leti
430 1946 520 2027 citius
535 1947 631 2011 venit.
677 1946 784 2028 thue
800 1946 907 2011 salutis

174 2054 255 2135 Spes
270 2052 355 2130 abiit,
372 2052 529 2135 finemque
546 2053 654 2115 vident
667 2052 700 2114 in
717 2051 826 2115 funere
841 2053 951 2131 morbi,

174 2157 343 2241 Indulgent
356 2158 488 2235 animis3
511 2168 545 2221 et
559 2158 655 2235 nulla,
672 2157 747 2240 quid
764 2157 848 2237 utile,
865 2180 940 2223 cura
955 2170 1019 2239 est3

173 2262 258 2326 Utile
274 2262 358 2325 enim
374 2262 449 2325 nihil
465 2272 524 2325 est.
570 2263 700 2340 Passim,
718 2262 880 2346 positoque
897 2266 1026 2347 pudore,

174 2366 336 2444 Fontibus,
351 2378 385 2429 et
399 2367 510 2445 fluviis,
527 2368 692 2450 puteisque
708 2369 875 2453 capacibus
891 2370 1028 2435 haerent:
1142 2375 1206 2437 190

174 2472 245 2535 Nee
261 2472 343 2555 prius
358 2483 406 2535 est
421 2473 574 2536 exstincta
589 2474 666 2552 sitis,
683 2476 775 2557 quarn
792 2475 865 2553 vita,
881 2475 1028 2539 bibenda.

174 2578 254 2641 lnde
268 2600 378 2661 graves
392 2578 481 2642 multi
497 2591 659 2663 nequeunt
673 2602 871 2665 consurgere,
888 2594 920 2647 et
936 2583 1009 2665 ipsis

174 2683 395 2748 Immoriuntur
410 2684 516 2767 aquis:
541 2685 619 2749 alius
635 2696 740 2749 tamen
757 2686 859 2751 haurit
873 2698 907 2752 et
921 2687 998 2753 illas.

174 2788 340 2871 Tantaque
351 2800 429 2853 sunt
443 2790 563 2853 miseris
578 2791 668 2854 invisi
685 2792 779 2855 taedia
794 2792 877 2871 lecti,

175 2892 356 2957 Prosiliunt:
380 2904 445 2971 aut,
462 2894 487 2956 si
504 2894 671 2977 prohibent
686 2897 854 2961 consistere
871 2899 960 2977 vires,
1140 2905 1206 2967 195

174 2996 314 3080 Corpora
328 2998 500 3063 devolvunt
514 2999 546 3062 in
562 3000 703 3080 humum,
720 3002 906 3086 fugiuntque
921 3014 1052 3088 penates
1087 3016 1094 3025 '

176 3103 319 3185 Quisque
335 3125 425 3169 suos:
451 3126 508 3169 sua
522 3106 635 3189 cuique
651 3108 763 3171 domus
779 3107 903 3173 funesta
918 3110 1050 3174 videtur.

176 3208 218 3272 Et
232 3210 305 3291 quia
320 3231 414 3273 causa
428 3209 513 3292 latet,
530 3211 618 3275 locus
633 3214 728 3277 estin
744 3214 882 3279 crimine.
930 3215 1021 3279 Notis

177 3312 373 3377 Semanimes
388 3336 489 3378 errare
506 3316 572 3393 viis,
588 3317 665 3380 dum
682 3328 761 3382 stare
779 3318 932 3399 valebant,

176 3416 364 3499 Adspiceres
373 3441 381 3496 ;
405 3420 516 3483 flentes
531 3420 618 3498 alios,
635 3432 788 3506 terraeque
800 3425 952 3509 jacentes,
1138 3433 1205 3495 200

176 3520 334 3604 Lassaque
351 3534 509 3587 versantes
524 3546 671 3608 supremo
686 3527 804 3599 lumina
819 3542 917 3595 motu.

222 3627 310 3696 Quid
326 3628 401 3692 mihi
418 3640 494 3693 tune
508 3630 606 3693 animi
621 3631 701 3697 suit?
725 3656 777 3712 an,
793 3638 878 3718 quod
893 3638 1003 3701 debuit
1018 3658 1097 3718 esse,

176 3730 221 3793 Ut
236 3730 331 3795 vitam
346 3733 491 3811 odissem,
508 3744 541 3797 et
556 3756 705 3818 cuperem
721 3758 792 3821 pars
807 3760 875 3804 esse
891 3746 1055 3808 meorum?
