2567 4209
549 322 646 372 aoon
668 321 719 372 111.
1100 328 1143 390 47

107 489 204 555 Mox
219 511 290 575 ego,
306 512 346 554 ne
362 492 495 575 scopulis
510 492 660 556 haererem
675 513 797 573 semper
811 490 843 555 in
859 489 970 569 isdem,
1082 493 1143 555 176

111 596 276 660 Addidici
291 596 439 680 regimen,
454 597 563 660 dextra
578 598 770 675 moderante,
786 596 901 660 carinae

111 700 287 779 Flectere3
310 712 342 764 ct
357 700 478 763 Olenia:
494 702 579 765 sidus
595 701 729 784 pluviale
745 700 883 784 capellae,

113 806 352 889 Taygetenque
367 806 558 891 Hyadesque
574 806 670 869 oculis
687 806 866 888 Arctonque
882 805 998 885 notavi,

110 909 365 992 -Ventorumque
377 912 496 989 domm,
512 922 543 973 et
559 921 665 994 portus
681 911 836 993 puppibus
851 921 950 993 aptos.
1083 913 1146 974 180
1201 986 1205 989 ,

170 1014 263 1078 Forte
280 1026 390 1096 petens
405 1015 517 1092 Delon,
535 1015 622 1078 Chiae
639 1016 756 1079 telluris
771 1017 812 1079 ad
828 1037 897 1080 oras

117 1118 286 1202 Applicor,
302 1130 335 1182 et
350 1121 464 1184 dextris
479 1122 618 1183 adducor
634 1120 736 1183 littora
752 1121 853 1196 remis,
919 1130 922 1135 “

116 1222 239 1306 Doque
255 1224 338 1287 leves
353 1224 457 1303 saltus,
473 1226 606 1307 udaeque
622 1225 737 1288 innitor
751 1247 866 1288 arente.
889 1274 898 1284 .

120 1328 200 1391 Nox
216 1328 269 1390 uhi
284 1340 469 1412 consumpta
484 1340 542 1407 est,
560 1330 681 1393 Aurora
696 1330 858 1393 mbescere
874 1329 1006 1412 primbm

112 1432 283 1515 creperet,
299 1454 442 1515 exsurgo,
458 1433 625 1516 laticesque
641 1434 753 1497 inferre
769 1444 910 1498 recentes
1084 1436 1145 1499 185

121 1538 303 1615 Admoneo,
320 1549 517 1621 monstroque
533 1539 624 1616 viam,
640 1540 822 1621 quae-ducat
837 1540 877 1602 ad
894 1541 1003 1603 undas.

120 1642 207 1724 Ipse,
224 1643 299 1724 quid
314 1663 388 1705 aura
404 1643 478 1706 mihi
494 1643 613 1707 tumulo
629 1645 787 1726 promittat
802 1644 842 1707 ab
857 1644 931 1722 alto,

120 1747 304 1829 Prospicio;
328 1750 516 1830 comitesque
533 1770 621 1826 voco,
637 1759 806 1831 repetoque
823 1750 970 1813 carinam.

127 1861 148 1890 “
162 1854 320 1915 Adsumus
336 1854 408 1929 en,’'
425 1853 525 1935 inquit
540 1854 692 1916 sociorum
709 1854 825 1935 primus
841 1854 1010 1936 Opheltes:

123 1956 232 2038 thue
248 1967 347 2039 putat,
363 1958 502 2039 praedam
517 1958 640 2020 deserto
656 1968 766 2020 nactus
782 1958 813 2019 in
828 1978 914 2038 agro,
1084 1962 1147 2022 190

125 2062 275 2143 Virgine&
289 2082 420 2144 puerum
436 2061 522 2123 ducit
537 2082 592 2142 per
607 2060 709 2124 littora
723 2060 833 2124 formai.

171 2165 236 2244 Ille,
253 2188 339 2229 mero
355 2187 525 2247 somnoque
540 2166 651 2248 gravis,
667 2165 800 2229 titubare
815 2166 947 2244 videtur,

125 2272 248 2353 Vixque
265 2272 360 2353 sequi:
409 2273 526 2354 Specto
542 2272 671 2349 cultum,
688 2272 872 2354 faciemque,
887 2270 1099 2355 gradumque?

127 2376 180 2439 Nil
196 2377 248 2453 ibi,
264 2378 347 2458 quod
364 2387 469 2458 posset
483 2377 567 2439 credi
583 2376 722 2454 mortale,
739 2378 892 2440 videbam.

128 2482 169 2543 Et
184 2481 276 2557 sensi,
292 2490 324 2543 et
339 2481 402 2543 dixi
418 2481 519 2558 sociis,
537 2489 556 2519 “
568 2483 665 2550 Quod
681 2504 798 2545 numen
815 2483 846 2545 in
862 2483 921 2545 isto
1086 2486 1147 2546 195

128 2585 262 2667 Corpore
279 2586 327 2663 sit,
344 2586 472 2662 dubito;
496 2588 551 2648 sed
567 2608 695 2667 corpore
711 2608 827 2648 numen
844 2587 876 2648 in
891 2588 950 2649 isto
966 2597 1023 2649 est.

130 2690 276 2772 Quisquis
292 2712 336 2768 ea,
352 2712 372 2752 o
387 2690 501 2768 faveae,
517 2691 690 2772 nostrisque
706 2690 860 2754 laboribus
875 2692 976 2768 adsis3

129 2794 186 2859 His
201 2816 325 2877 quoque
341 2796 396 2859 des
413 2784 567 2858 veniam.''
615 2796 706 2859 “Pro
722 2796 810 2859 nobis
825 2796 913 2858 mitte
930 2796 1079 2878 precari,''

129 2899 234 2983 Dictys
249 2900 311 2977 ait;
335 2921 397 2981 quo
412 2921 476 2963 non
492 2900 569 2963 alius
585 2902 796 2964 conscendere
812 2922 948 2964 summas

130 3005 221 3068 Ocior
236 3015 397 3081 antennas,
414 3022 588 3086 prensoque
604 3007 736 3068 rudente
752 3005 856 3067 relabi.
1080 3008 1147 3070 000

130 3108 198 3173 Hoc
213 3110 317 3194 Libys,
334 3109 394 3172 hoc
409 3110 517 3185 flavae,
534 3130 632 3189 prorae
649 3109 756 3184 tutela,
773 3108 964 3185 Melanthus,

130 3214 197 3278 Hoc
211 3216 321 3297 probat
338 3213 542 3289 Alcimedon3
566 3223 608 3290 et,
625 3214 678 3294 qui
693 3212 893 3294 requiemque
909 3214 1098 3296 modumque

131 3320 211 3383 Voce
227 3319 322 3383 dabat
336 3319 438 3396 remis,
454 3318 628 3380 animorum
644 3317 780 3380 hortator
798 3317 963 3400 Epopeus:

131 3423 197 3487 Hoc
211 3444 320 3487 omnes
335 3424 396 3487 alii.
442 3423 561 3485 Praedae
578 3432 641 3486 tam
658 3444 744 3486 caeca
759 3424 875 3505 cupido
889 3435 967 3499 est„
1024 3432 1028 3437 '

132 3530 228 3592 “Non
245 3538 350 3591 tamen
368 3529 448 3591 hanc
463 3549 549 3590 sacro
565 3527 670 3590 violari
687 3528 824 3609 pondere
840 3528 949 3609 pinum
1079 3531 1145 3590 205

131 3632 313 3716 Perpetiar,’'
330 3634 411 3696 dixi:
438 3641 458 3671 “
470 3654 540 3714 pars
557 3631 606 3695 hic
621 3633 697 3695 mihi
712 3633 846 3695 maxima
858 3633 964 3715 juris.''

132 3738 221 3823 Inque
237 3738 325 3803 aditu
340 3738 465 3803 obsisto.
513 3737 599 3801 Furit
613 3737 836 3800 audacissimus
852 3736 937 3799 omni
