2567 4209
522 296 620 347 BOOK
643 299 678 347 ΙΙ.

61 458 169 542 Inque
186 462 295 527 oculis
314 473 443 543 tentum,
460 474 580 529 tantum
595 488 688 547 super
709 488 765 531 ora
780 466 903 531 favillae.

61 562 183 629 Hosne
198 567 283 631 mihi
300 568 428 647 fructus,
444 570 529 633 hunc
545 571 709 635 fertilitatis
723 571 875 635 honorem

61 668 243 753 Officiique
262 673 379 753 relers3
403 675 487 757 quod
502 676 617 739 adunci
634 676 762 739 vulnera
776 675 881 754 aratri,
1038 677 1104 741 285

61 772 328 859 Rastrorumque
344 778 419 855 fero,
436 789 563 862 totoque
579 801 727 844 exerceor
740 784 845 844 anno?

62 876 166 945 Quod
184 882 302 961 pecori
318 882 452 961 frondes,
469 883 678 967 alimentaque
694 885 791 961 mitia,
807 886 922 969 fruges,

13 1033 14 1038 ,
60 981 224 1047 Humano
241 987 364 1070 generi,
381 988 467 1051 vobis
482 989 567 1071 qudd
582 990 674 1053 thura
687 989 850 1053 ministro?

61 1086 131 1150 Sed
149 1098 268 1153 tamen
284 1091 413 1155 exitium
429 1092 478 1155 sac
493 1114 544 1158 me
561 1094 726 1157 meruisse:
751 1094 828 1177 quid
843 1095 951 1173 undae,

60 1192 157 1260 Quid
174 1195 300 1258 meruit
314 1196 428 1259 frater?
474 1196 537 1260 Cur
552 1198 595 1261 illi
610 1200 723 1263 tradita
738 1209 819 1263 sorte
1037 1200 1103 1263 290

62 1294 213 1379 AEquora
231 1301 431 1379 decrescunt,
449 1312 481 1364 et
495 1302 535 1365 ab
550 1302 667 1365 rathere
683 1303 806 1384 longius
821 1303 956 1365 absunt?

62 1400 168 1469 Quod
185 1403 215 1465 si
232 1425 297 1467 nec
312 1405 422 1483 fratris,
438 1426 497 1468 nec
513 1416 544 1468 te
559 1427 629 1468 mea
644 1407 744 1488 gratia
759 1406 868 1488 tangit,

64 1507 111 1569 At
126 1507 205 1569 coeli
222 1508 373 1571 miserere
389 1510 445 1572 tui.
491 1508 703 1592 Circumspice
719 1522 904 1593 utrumqu03

64 1610 187 1675 Fumat
205 1623 342 1695 uterque
357 1614 464 1696 polus:
489 1636 566 1697 quos
582 1615 607 1677 si
623 1615 776 1679 vitiaverit
791 1615 881 1698 ignis,

65 1714 160 1779 Atria
176 1728 287 1781 vestre
302 1729 402 1781 ruent.
449 1719 537 1783 Atlas
552 1741 591 1783 en
609 1720 675 1803 ipse
691 1720 820 1798 laborat,
1038 1723 1104 1785 295

66 1819 197 1904 Vixque
216 1823 281 1887 suis
297 1824 432 1887 humeris
447 1826 635 1888 candentem
651 1826 782 1889 sustinet
796 1847 916 1891 axem..

68 1924 106 1989 Si
122 1926 218 2005 freta,
235 1928 262 1990 si
277 1939 366 1991 terrae
383 1939 525 2010 pereunt,
541 1928 567 1991 si
583 1929 669 2010 regia
684 1930 765 2006 coeli,

69 2029 107 2093 In
125 2032 227 2096 chaos
243 2032 407 2115 antiquum
422 2033 653 2098 confundimur.
700 2032 795 2114 Eripe
811 2033 955 2109 flammis,

71 2134 107 2197 Si
124 2137 204 2219 quid
221 2137 327 2200 adhuc
342 2146 491 2220 superest,
508 2148 545 2201 et·
555 2136 969 2200 rerum·consulesummae.'
1054 2160 1055 2163 ¹

71 2237 208 2307 Dixerat
225 2243 293 2306 haec
308 2242 433 2307 Tellus:
459 2264 560 2325 neque
577 2243 661 2307 enim
677 2243 808 2307 tolerare
824 2264 971 2325 vaporem
1036 2245 1104 2305 300

72 2342 217 2411 Ulterius
232 2347 343 2430 potuit,
360 2370 419 2412 neo
434 2348 537 2412 dicere
553 2348 661 2431 plura3
685 2370 838 2431 suumque

73 2447 201 2516 Retulit
217 2474 251 2515 os
265 2452 298 2515 in
314 2474 357 2531 se,
373 2453 578 2536 propioraque
593 2454 737 2517 manibus
751 2463 851 2517 antra.

392 2720 504 2761 usare
531 2720 570 2763 or
599 2697 790 2761 rundrrrorr.

124 2872 168 2937 At
184 2885 271 2956 pater
286 2873 482 2955 omnipotens
498 2895 626 2956 superos
642 2883 783 2951 testatus,
799 2884 832 2936 et
848 2872 960 2955 ipsum,

80 2975 147 3045 Qui
162 2979 294 3041 dederat
308 3000 424 3055 currus,
441 2978 499 3040 nisi
515 3000 609 3059 opem
626 2977 713 3055 ferat,
730 2978 837 3041 omnia
852 2977 917 3040 sato

81 3077 246 3147 Interitura
261 3082 366 3165 gravi3
391 3104 544 3144 summam
560 3082 898 3164 petitarduus-arcem,
1035 3081 1102 3143 305

81 3180 176 3248 Unde
192 3186 270 3248 solet
285 3185 353 3248 latis
370 3185 469 3247 nubes
484 3184 634 3246 inducere
650 3183 757 3261 terris3
849 3243 851 3246 .

82 3284 175 3353 Unde
190 3298 296 3354 movet
310 3289 453 3365 tonitrus,
470 3287 650 3369 vibrataque
668 3286 798 3351 fulmina
808 3288 916 3372 jactat.

83 3390 147 3456 Sed
162 3414 275 3476 neque,
292 3415 368 3477 quas
383 3402 488 3476 posset
503 3392 590 3455 terris
605 3392 765 3471 inducere,
781 3394 881 3456 nubes

83 3493 174 3561 Tunc
188 3498 306 3575 habuit,
323 3519 391 3575 neo,
408 3519 485 3579 quos
501 3496 581 3560 ooelo
596 3497 776 3575 dimitteret,
791 3498 915 3562 imbres.

83 3598 221 3667 lntonet:
247 3612 279 3665 et
293 3602 402 3667 dextri
416 3601 561 3665 libratum
576 3601 695 3664 fulmen
711 3602 751 3664 ab
766 3623 841 3666 aure
1036 3608 1104 3669 310

84 3702 167 3771 Misit
182 3707 214 3771 in
230 3706 387 3789 aurigam:
413 3706 587 3790 pariterque
602 3706 770 3789 animisque
785 3706 921 3788 rotisque

347 3814 368 3873 4
