2567 4209
147 314 190 379 26
424 308 543 365 0v1D·s
565 310 894 361 Mursuoauuosus.

147 481 246 545 Parra
261 492 420 559 moreest,
435 481 500 546 alas
516 482 660 565 pedibus,
675 482 857 565 virgamque
871 482 992 565 potenti

148 587 357 651 Somniseram
373 588 542 670 sumpsisse
557 608 664 663 rnanu,
680 588 880 669 tegimenque
895 585 1026 672 capillis.
1107 589 1178 652 555

146 690 228 757 Haeo
244 692 297 757 ubi
312 692 473 775 disposuit,
491 692 590 775 patrii
603 691 683 756 Jove
699 703 791 755 uatus
805 692 846 779 ab
860 712 933 755 aree

146 796 258 860 Desilit
274 797 305 860 in
322 807 427 861 terras.
473 796 542 869 Illic
556 798 757 880 tegimenque
772 797 914 873 removit,

147 902 189 965 Et
204 903 308 985 posuit
322 924 461 985 pennas3
485 903 704 967 tantummodo
718 902 805 985 virga
819 912 941 965 retenta
954 911 1012 965 est.

146 1005 219 1071 Hac
233 1006 308 1089 agit,
325 1016 360 1069 ut
375 1016 490 1089 pastor,
507 1026 562 1088 per
578 1006 670 1069 devia
684 1028 755 1069 rura
769 1006 916 1088 capellas,

146 1110 230 1173 Dum
247 1112 342 1189 venit,
359 1111 520 1188 abductas,
536 1120 569 1173 et
584 1110 708 1173 structis
722 1120 829 1173 cantat
842 1110 973 1173 aveniss
1104 1112 1174 1176 560

191 1214 279 1281 Voce
295 1217 377 1279 nori
392 1226 502 1298 captus
518 1226 622 1279 custos
637 1215 803 1293 Junonius,
820 1215 885 1279 ‘At
899 1224 944 1293 tu,

147 1318 298 1405 Quisquis
313 1342 357 1399 es,
374 1321 435 1385 hoc
450 1332 573 1404 poteras
588 1342 713 1384 mecum
729 1321 890 1384 considere
906 1320 1003 1398 saxo,'

146 1425 249 1511 Argus
264 1426 326 1489 ait:
353 1436 474 1509 ‘neque
489 1427 573 1489 enirn
590 1426 696 1508 pecori
711 1425 886 1489 foecundior
901 1425 966 1488 ullo

145 1530 253 1593 Herba
269 1532 339 1595 loco
354 1541 411 1608 est,
427 1542 594 1613 aptamque
611 1532 698 1595 vides
713 1530 887 1613 pastoribus
902 1529 1066 1593 umbram!

147 1636 237 1701 Sedit
253 1635 459 1713 Atlantiades,
476 1645 508 1698 et
522 1646 650 1699 euntem
667 1636 765 1699 multa
780 1635 938 1718 loquendo
1102 1638 1173 1701 565

145 1741 289 1804 Detinuit
302 1761 446 1803 sermone
461 1741 546 1805 diem
557 1734 574 1819 3'
585 1741 763 1826 junctisque
778 1741 923 1805 cauendo

145 1845 278 1909 Vincere
294 1846 497 1911 arundinibus
512 1847 666 1916 servantia
681 1845 800 1910 lumina
814 1855 924 1908 tentat.

146 1950 200 2016 Ille
217 1962 321 2015 tamen
338 1962 458 2035 pugnat
472 1951 581 2015 molles
596 1951 740 2015 evincere
756 1972 892 2027 somnos,

145 2056 197 2135 Et,
213 2056 354 2139 quamvis
369 2078 462 2140 sopor
476 2066 524 2120 est
539 2057 700 2121 oculorum
716 2067 803 2138 parte
818 2066 972 2137 receptus,

144 2164 235 2225 Parte
248 2173 353 2225 tamen
364 2162 479 2243 vigilat.
519 2162 787 2243 doceamusque,
800 2160 951 2248 (namque
963 2170 1086 2243 reperta
1101 2164 1173 2227 570

144 2266 264 2331 Fistula
279 2286 379 2349 nuper
394 2265 475 2352 erat)
493 2265 556 2347 qub
571 2265 610 2327 sit
625 2265 745 2328 ratione
760 2276 893 2347 reperta.

143 2370 235 2435 Talia
250 2372 388 2434 dicturus
404 2370 482 2433 vidit
497 2368 656 2453 Cyllenius
671 2392 781 2434 omnes

145 2476 355 2541 Succubuisse
371 2475 488 2553 oculos,
505 2477 717 2559 adopertaque
733 2475 851 2539 lumina
866 2498 987 2549 somno.

145 2581 318 2665 Supprimit
332 2580 490 2663 externplo
505 2602 625 2659 vocem,
642 2580 806 2662 firmatque
820 2603 975 2664 soporem,

80 2767 81 2773 ἵ
142 2688 309 2772 Languida
323 2687 519 2769 permulcens
534 2686 691 2750 medicati
705 2685 825 2749 lumina
838 2687 934 2771 virgi.
1098 2692 1169 2754 575

77 2876 79 2881 ,
143 2795 215 2858 Nec
229 2815 333 2857 mora:
360 2792 472 2855 falcato
487 2802 652 2855 nutantem
667 2790 810 2855 vuluerat
824 2812 910 2869 ense,

75 2942 78 2994 ᾗ
144 2899 220 2968 Qut
235 2897 316 2961 collo
332 2896 456 2959 confine
472 2906 583 2977 caput:
609 2916 746 2979 saxoque
762 2908 927 2961 cruentum

74 3030 78 3063 r
142 3003 266 3088 Dejicit‚
283 3011 316 3065 et
330 3000 467 3065 maculat
481 3010 671 3083 praeruptam
686 3002 837 3083 sauguine
853 3012 988 3065 cautem.

71 3110 77 3185 l
143 3109 238 3192 Arge,
251 3108 352 3193 jaces,
364 3108 510 3190 quodque
526 3106 558 3169 in
575 3117 621 3170 tot
636 3106 754 3171 lumina
769 3106 875 3169 lumen
890 3108 1037 3186 habebas,

71 3230 73 3235 ’
143 3214 338 3276 Exstinctum
355 3223 412 3291 est,
428 3225 618 3295 centumque
634 3212 741 3276 oculos
757 3233 821 3274 uox
835 3223 971 3295 occupat
985 3234 1059 3277 una.
1097 3216 1162 3279 560

143 3318 267 3399 Excipit
282 3318 349 3395 hos,
366 3317 559 3399 volucrisque
575 3338 640 3378 suae
658 3317 805 3379 Saturnia
820 3317 932 3399 pennis

141 3420 292 3499 Collocat,
308 3432 341 3484 et
355 3420 486 3503 gemmis
502 3421 634 3483 caudam
651 3420 844 3483 stellantibus
858 3420 977 3504 implet.

186 3527 330 3589 Protinus
346 3525 468 3602 exarsit,
486 3546 545 3587 nec
561 3536 701 3607 tempora
717 3526 837 3589 distulit
851 3526 916 3604 irae,

141 3630 395 3711 Horriferamque
410 3629 508 3691 oculis
523 3629 691 3710 animoque
707 3628 821 3711 objecit
836 3630 978 3713 Erinnyu

142 3733 264 3797 Pellicis
280 3732 447 3814 Argolicae,
463 3731 665 3812 stimulosque
681 3733 713 3794 in
729 3742 856 3812 pectora
870 3754 974 3797 oecos
1097 3739 1164 3801 585
1212 3760 1216 3767 ·
