2567 4209
142 321 183 383 44
419 304 538 357 OVID'S
562 286 892 351 Mauauoatflosus.

144 482 209 561 Sic,
225 480 279 545 ubi
295 477 444 543 tolluntur
459 473 544 538 festis
560 469 661 534 aulaea
675 462 814 536 theatris,

145 590 280 671 Surgere
296 584 384 666 signa
399 580 509 656 solent,
526 576 723 659 primumque
738 562 904 630 ostendere
919 553 1067 626 vultum,

143 694 257 757 Cetera
272 686 431 774 paulatim,
448 683 633 768 placidoque
649 678 765 739 educta
780 680 888 731 tenore

144 800 228 863 'l'ota
243 802 362 879 patent,
378 792 503 872 imoque
518 786 615 868 pedes
631 782 664 845 in
679 776 818 858 margine
833 774 969 853 ponunt

144 901 286 965 Territus
301 898 390 960 hosta
406 914 488 957 novo
502 891 641 953 Cadmus
657 902 770 965 capere
785 896 872 943 arma
886 868 1046 955 parabat:

146 1006 216 1069 ‘Ne
231 1003 330 1085 eape,'
348 1002 388 1064 de
405 996 531 1080 populo,
548 1014 642 1077 quem
657 1000 740 1053 terra
754 986 924 1053 creaverat,
939 991 1032 1036 unus

149 1109 319 1183 Exclamat,
336 1113 415 1167 ‘nec
430 1112 461 1164 te
477 1099 617 1163 civilibus
633 1095 734 1158 insere
750 1085 858 1152 bellis!

148 1215 252 1296 Atque
269 1212 312 1275 ita
328 1205 489 1289 terrigenis
504 1202 603 1286 rigido
618 1202 659 1263 de
674 1194 820 1260 fratribus
834 1207 934 1252 unum
1162 1173 1209 1235 95

35 1374 38 1381 .
147 1318 297 1382 Cominus
311 1334 386 1378 ense
402 1310 489 1387 serit3
510 1306 615 1393 jaculo
629 1302 715 1368 eadit
730 1298 853 1361 eminus
867 1292 945 1373 ipse.

148 1424 212 1487 Hic
227 1439 361 1504 quoque,
377 1416 431 1498 qui
445 1414 509 1477 leto
524 1413 664 1485 dederat,
681 1426 744 1468 non
760 1399 882 1481 longilrs
897 1392 951 1457 illo

149 1526 243 1601 Vivit,
260 1535 292 1586 et
307 1521 451 1601 exspirat,
467 1515 561 1577 modo
577 1533 655 1594 quas
670 1512 846 1589 acceperat,
861 1518 964 1562 auras.

150 1625 364 1707 Exemploque
380 1620 445 1703 pari
461 1618 534 1679 furit
550 1616 651 1678 omnis
667 1612 768 1687 turba,
785 1625 905 1687 suoque

150 1732 253 1796 Marte
268 1728 386 1791 eadunt
400 1722 493 1785 subiti
509 1740 564 1802 per
580 1728 690 1781 mutua
704 1714 834 1777 vulnera
849 1710 969 1772 fratres.
989 1782 993 1791 ι
1135 1700 1202 1760 100

150 1835 282 1915 Jamque
297 1829 397 1893 brevis
413 1825 548 1908 spatium
563 1822 634 1884 vitae
651 1820 759 1883 sortita
771 1818 921 1901 juventus

153 1936 364 2020 Sanguineam
381 1930 502 2014 trepido
517 1925 705 2009 plangebant
721 1931 848 2004 pectore
863 1924 1009 1988 matrem,

153 2042 302 2122 Quinque
318 2035 542 2118 superstitibus,
558 2050 690 2114 quorum
706 2026 765 2089 fuit
780 2043 862 2085 unus
878 2017 1013 2082 Echion.

153 2146 184 2208 ls
200 2166 256 2205 sua
267 2142 343 2225 jecit
358 2138 454 2212 humi,
470 2135 591 2198 monitu
606 2129 788 2205 Tritonidis,
804 2143 901 2201 arma,

1161 650 1209 711 90

154 2247 374 2322 Fraternaeque
391 2240 485 2301 fidem
501 2236 586 2317 pacis
602 2234 764 2315 petiitque,
781 2229 943 2309 deditque.
1127 2221 1193 2282 105

154 2348 223 2410 Hos
239 2344 339 2427 operis
355 2342 483 2405 comites
498 2337 605 2400 habuit
622 2337 772 2399 Sidonius
787 2333 913 2413 hospes,

155 2450 235 2513 Ciam
251 2448 354 2531 posuit
365 2446 483 2529 jussam
499 2441 643 2503 Phoebeis
660 2440 792 2501 sortibus
807 2436 929 2498 urbem.

398 2690 530 2731 AGTEON
553 2686 708 2729 CHANGED
731 2684 773 2725 ΤΟ
798 2684 818 2723 Δ
842 2681 933 2723 STAC·

602 2836 631 2877 v.
652 2820 725 2878 131.

81 2938 84 2953 Ι
156 2958 226 3022 Jarn
243 2959 366 3022 stabant
380 2951 518 3016 Thebae:
544 2960 667 3031 poteras
679 2952 755 3035 jam,
772 2951 904 3026 Cadme,
921 2946 1023 3011 videri

157 3062 273 3126 Exsilio
288 3061 378 3124 leli'x:
404 3054 502 3119 soceri
517 3053 572 3115 tibi
588 3052 736 3135 Marsque
751 3054 923 3134 Venusque

156 3162 377 3247 Contigerant:
402 3161 464 3224 huc
479 3159 561 3221 adde
576 3178 676 3239 genus
691 3159 731 3219 de
747 3157 881 3239 conjuge
898 3155 999 3231 tanth,
1121 3156 1184 3216 110

156 3263 221 3327 Tot
237 3280 326 3330 natos
342 3276 501 3343 natasque,
517 3269 559 3335 et,
576 3260 706 3339 pignora
720 3280 802 3334 cara,
818 3269 971 3339 nepotes3

156 3362 226 3427 Hos
242 3390 365 3451 quoque
378 3368 442 3451 jam
456 3364 595 3445 juvenes·
643 3362 719 3437 Sed,
735 3361 864 3438 scilicet,
881 3360 993 3423 ultima
1008 3380 1131 3441 semper

155 3461 378 3547 Exspectanda
393 3468 459 3532 dies
475 3462 602 3538 homini,
619 3463 743 3543 dicique
758 3463 869 3526 beatus

154 3562 242 3632 Ante
259 3576 379 3640 obitum
394 3589 487 3635 nemo
503 3585 708 3646 supremaque
723 3566 834 3628 funera
848 3566 955 3629 debet.

200 3667 307 3742 Prima
321 3696 419 3759 nepos
435 3673 516 3733 inter
531 3676 577 3729 tot
592 3686 640 3728 res
656 3667 721 3741 tibi,
738 3667 869 3747 Cadme,
885 3668 1043 3731 secundas
1119 3673 1176 3734 115
