2567 4209
164 272 226 335 120
438 271 558 321 ovtn's
579 273 917 324 METAMORPHOSES.

159 435 284 501 Excitat
298 440 460 518 artificem,
475 442 750 526 simulatoremque
767 444 890 527 ligurae,

158 539 325 624 Morphea.
370 544 444 609 Non
460 546 514 609 illo
524 548 628 632 jussos
642 549 785 613 solertihs
801 549 881 613 alter

159 644 313 728 Exprimit
327 649 475 728 incessus,
492 652 675 735 vultumque
691 670 870 736 sonumque
887 652 1058 736 loquendi.

158 750 277 835 Adjicit
291 763 325 815 et
340 764 450 832 vestes,
466 767 500 819 et
514 758 753 822 consuetissima
770 759 887 841 cuique

156 854 270 918 Verba.
317 859 383 921 Sed
399 860 449 923 hio
464 860 547 923 solos
563 861 705 925 homines
721 863 872 926 imitatur.
921 863 968 927 At
982 862 1068 927 alter
1138 863 1200 925 275

155 957 206 1020 Fit
221 959 297 1036 sera,
313 962 349 1024 fit
363 963 507 1041 volucris,
523 966 559 1028 fit
573 966 669 1048 longo
684 988 816 1049 corpore
832 988 975 1051 serpens.

153 1060 251 1125 Hunc
266 1064 373 1129 Icelon
389 1069 503 1149 superi,
519 1072 650 1133 mortale
667 1072 846 1135 Phobetora
862 1073 978 1155 vulgus

154 1166 315 1232 Nominat.
361 1171 418 1234 Est
432 1173 527 1236 etiam
543 1174 674 1238 diversae
691 1176 801 1239 tertius
817 1178 892 1240 artis

151 1269 334 1337 Phantasos.
380 1276 436 1340 Ille
451 1277 484 1341 in
501 1278 631 1342 humum
648 1300 823 1363 saxumque
844 1283 1036 1365 undamque
1059 1282 1201 1345 trabem-

328 1400 400 1461 que,

150 1477 296 1560 Quasque
313 1494 424 1547 vacant
437 1486 553 1564 animis,
571 1488 701 1553 feliciter
716 1492 824 1554 omnia
839 1493 962 1556 transit.
1136 1496 1200 1557 280

148 1581 290 1663 Regibus
305 1584 347 1661 hi,
363 1587 558 1671 ducibusque
574 1615 647 1657 suos
663 1598 830 1659 ostendere
847 1597 953 1661 vultus

148 1684 180 1746 N
181 1695 251 1747 octe
268 1687 384 1752 solent:
409 1692 542 1772 populos
557 1697 609 1759 alii
625 1697 814 1781 plebemque
832 1712 1009 1783 pererrant.

148 1789 288 1854 Praeterit
302 1793 359 1856 hos
375 1796 494 1859 senior:
520 1803 706 1883 cunctisque
723 1826 740 1866 e
757 1805 905 1869 fratribus
924 1829 1029 1871 unum

147 1892 311 1975 Morphea,
327 1900 380 1980 qui
396 1912 524 1983 peragat
538 1904 792 1971 Thaumantidos
809 1910 906 1988 edita,
926 1914 1079 1977 Somnus

146 1995 258 2079 Eligit:
283 2011 316 2064 et
331 2024 433 2065 rursus
448 2004 533 2069 molli
549 2008 699 2091 languore
716 2012 840 2077 solutus
1131 2023 1197 2084 285
1273 2098 1274 2113 χ

144 2097 359 2185 Deposuitqne
374 2118 478 2188 caput,
495 2120 653 2194 stratoque
669 2118 849 2183 recondidit
863 2120 941 2185 alto.

461 2371 572 2415 VISION
595 2378 636 2419 01⁸
662 2378 848 2425 HALCYONE·

188 2513 243 2577 llle
259 2519 351 2599 volat,
368 2522 468 2585 nullos
483 2528 628 2608 strepitus
643 2532 833 2599 facientibus
847 2538 917 2616 alis,

143 2616 201 2679 Per
217 2624 377 2688 tenebras:
402 2626 543 2710 intraque
559 2653 656 2697 morae
671 2637 766 2701 breve
784 2650 910 2723 tempus
926 2644 960 2707 in
977 2648 1103 2731 urbem

142 2720 287 2786 Pervenit
302 2727 518 2795 Harmoniam:
543 2739 712 2823 positisque
729 2764 747 2805 e
763 2765 894 2826 corpore
912 2752 1033 2830 pennis

142 2821 178 2884 ln
196 2822 306 2889 faciem
321 2829 434 2913 Ceycis
448 2834 531 2900 abit:
556 2839 718 2925 formisque
734 2847 792 2911 sub
808 2848 861 2913 illa
1124 2865 1194 2925 290

140 2926 285 3007 LuriduS,
301 2937 451 3018 exsangui
466 2939 582 3019 similis,
598 2945 666 3009 sine
682 2952 820 3014 vestibus
836 2954 919 3033 ¹ullis,

139 3029 288 3115 Conjugis
304 3049 376 3102 ante
393 3052 493 3105 torum
507 3045 628 3110 miserae
645 3054 740 3117 stetit.
787 3057 860 3121 Uda
877 3060 1007 3126 videtur

139 3130 241 3196 Barba
255 3139 322 3217 viri,
338 3146 531 3227 madidisque
544 3153 646 3247 grqvis
661 3156 757 3221 fluere
774 3162 861 3253 unda
876 3166 1013 3247 capillis.

138 3236 223 3297 Tum
238 3238 320 3305 lecto
335 3246 527 3327 incumbens,
542 3253 619 3317 fletu
634 3277 728 3339 super
744 3282 799 3325 ora
814 3266 930 3346 refuso,

139 3337 219 3400 Haec
234 3341 294 3405 ait:
321 3347 492 3426 ‘Agnoscis
507 3352 622 3435 Ce'yca,
638 3361 811 3429 miserrima
826 3372 967 3454 conjux?
1115 3386 1187 3447 295

138 3437 189 3497 An
205 3460 275 3502 mea
289 3457 409 3509 mutata
423 3462 471 3511 est
486 3452 580 3517 facies
596 3465 696 3524 nece?
740 3467 895 3550 Respice;
921 3496 1062 3545 nosces:

137 3537 342 3623 inveniesque
358 3558 412 3611 tuo
427 3571 483 3629 pro
498 3558 630 3638 conjuge
647 3567 788 3648 conjugis
804 3574 961 3641 umbram.

138 3637 189 3700 Nil
205 3641 283 3720 opis,
299 3645 472 3729 Halcyone,
489 3654 577 3717 nobis
593 3670 648 3723 tua
664 3676 736 3729 vota
752 3671 902 3739 tulerunt.
