2567 4209
160 304 224 367 162
435 298 555 350 OVID'S
576 296 908 351 METAMORPHOUES.

156 469 323 553 Tyndaris,
339 480 372 534 et
386 492 504 549 secum,
521 471 631 535 carsit
646 471 695 535 bis
709 482 806 555 rapta,
823 472 960 555 requirit.

156 575 298 658 Tempus
313 578 395 641 edax
409 596 523 654 rerum,
539 588 647 660 tuque,
663 577 815 641 invidiosa
830 588 980 656 vetustas,
1126 580 1185 646 lto

155 678 273 745 Omnia
288 682 461 746 destruitis:
487 682 656 764 vitiataque
672 682 818 746 dentibus
833 683 893 747 evi

155 782 310 850 Paulatim
325 786 411 851 lentis
425 786 607 851 consumitis
622 787 729 851 omnia
743 798 853 851 morte.

200 892 231 954 N
233 914 251 955 e
268 905 374 956 tamen
388 892 491 956 oblitis
505 891 547 957 ad
562 904 679 956 metam
696 895 825 958 tendere
840 893 934 977 longis

155 998 376 1081 Exspatiemur
389 998 498 1081 eqnis3
522 997 647 1076 osclum,
663 1008 697 1061 et
711 999 922 1083 quodcunque
937 999 996 1063 sub
1011 1000 1068 1065 illo
1083 1013 1143 1081 est,

154 1103 304 1167 Immutat
320 1104 445 1182 formas,
460 1103 623 1186 tellusque,
640 1113 674 1167 et
688 1103 837 1187 quicquid
852 1104 884 1168 in
899 1104 952 1169 illt
965 1116 1025 1170 est.
1125 1108 1185 1173 175

154 1207 222 1271 Nos
238 1208 371 1292 quoqne,
388 1230 458 1292 pars
473 1209 593 1287 mundi,
612 1209 776 1299 (quoniam
792 1230 855 1273 non
871 1230 1002 1293 corpora
1016 1210 1133 1292 solium,

153 1312 270 1378 Verium
286 1315 380 1378 etiam
396 1313 537 1379 volueres
551 1316 665 1379 animae
681 1306 798 1393 sumus,
814 1316 910 1398 inque
925 1316 1042 1381 ferinas

152 1419 321 1484 Possumus
337 1421 380 1485 ire
395 1422 523 1499 domos,
532 1421 751 1503 pecudumque
767 1420 800 1483 in
816 1431 944 1503 pectora
959 1422 1071 1510 condi)

152 1526 301 1608 Corpora,
318 1546 389 1609 qnae
404 1527 523 1609 possint
537 1527 658 1590 animas
673 1527 817 1591 habuisse
833 1537 1009 1609 parentum,

152 1630 220 1693 Aut
234 1630 372 1709 fratrum,
388 1642 444 1694 aut
457 1630 562 1713 aliquo
573 1632 753 1716 junctorum
770 1631 888 1696 foedere
904 1632 1004 1711 nobis,
1118 1636 1181 1700 180

152 1736 219 1799 Aut
233 1736 396 1799 hominum
411 1737 507 1814 certe,
523 1746 592 1798 tuta
606 1757 676 1801 esse
691 1748 723 1801 et
739 1738 870 1801 honesta
885 1738 1042 1803 sinamus:

151 1840 243 1907 Neve
258 1842 426 1927 Thyesteis
441 1841 637 1906 cumulemur
652 1844 769 1907 viscera
784 1843 908 1907 mentis.

152 1950 260 2019 Quam
275 1948 356 2013 rnalb
373 1948 558 2026 consuescit,
574 1951 669 2031 quim
685 1968 718 2012 se
734 1958 824 2031 parat
838 1948 889 2012 ille
904 1949 1006 2013 cruori

150 2053 269 2137 Impius
285 2054 433 2130 humano,
449 2052 537 2116 vituli
551 2053 605 2135 qui
618 2063 746 2135 guttura
760 2052 861 2116 cultro

150 2158 293 2241 Rumpit,
309 2168 342 2223 et
356 2159 500 2221 immotas
516 2158 635 2241 praebet
649 2158 818 2242 mugitibus
833 2158 943 2223 aures!
1118 2164 1180 2225 185

150 2264 217 2328 Aut
232 2264 285 2346 qui
300 2264 422 2346 vagitus
436 2264 550 2327 similes
566 2263 735 2347 puerilibus
751 2264 878 2327 lraedum

150 2368 307 2432 Edentern
319 2368 461 2454 jugulare
477 2380 599 2452 potest:
622 2381 678 2433 aut
693 2369 765 2439 alite
781 2369 875 2447 vesci,

149 2474 209 2537 Cui
225 2474 314 2538 dedit
328 2474 395 2557 ipse
411 2475 516 2539 cibos!
540 2486 693 2557 quantum
708 2485 765 2553 est,
782 2476 867 2558 quod
883 2475 963 2539 desit
977 2475 1010 2540 in
1027 2476 1095 2541 istis

149 2580 203 2645 Ad
218 2581 347 2664 plenum
362 2581 502 2646 facinus!
527 2581 590 2664 qud
606 2580 752 2645 transitus
768 2581 842 2645 inde
858 2582 1002 2663 paratur!

194 2686 256 2751 Bos
271 2698 348 2765 aret,
364 2698 420 2751 aut
434 2697 567 2751 mortem
582 2684 754 2750 senioribus
769 2687 903 2769 imputet
917 2686 1025 2751 annis:
1117 2692 1179 2754 190

149 2790 344 2855 Horriferum
359 2803 470 2856 contra
485 2792 607 2856 Borean
622 2792 690 2855 ovis
704 2812 790 2856 arma
805 2792 975 2855 ministret:

148 2894 255 2962 Ubera
270 2897 347 2960 dent
362 2907 473 2960 saturae
489 2897 633 2961 manibus
649 2899 819 2980 pressanda
834 2898 973 2981 capellae.

148 3004 243 3069 Retia
257 3025 331 3068 eum
346 3003 475 3087 pedicis,
491 3004 680 3087 laqueosque
696 3014 840 3086 artesque
855 3003 977 3068 dolosas

148 3111 280 3175 Tollite:
306 3132 367 3175 nee
382 3109 540 3174 volucrem
555 3109 674 3173 viscatis
689 3108 784 3172 fallite
800 3109 904 3193 virgi:

148 3216 220 3281 Nee
235 3216 407 3291 formidatis
422 3237 531 3280 cervos
546 3214 698 3279 includite
714 3214 835 3298 pinnis:
1113 3220 1175 3281 195

149 3322 181 3386 N
182 3342 220 3385 ee
235 3322 334 3384 celate
351 3321 427 3384 cibis
443 3342 541 3385 uncos
557 3320 717 3383 fallacibus
733 3320 852 3383 hamos.

149 3426 283 3501 Perdite,
296 3425 396 3506 siqua
410 3435 544 3487 nocent:
569 3426 674 3487 verbm
689 3426 758 3489 baec
769 3424 895 3507 qudque
906 3424 1028 3507 perdite
1041 3426 1174 3489 tantiam.

149 3529 215 3591 Ora
229 3538 343 3591 vacent
357 3528 467 3610 epulis,
482 3528 692 3611 alimentaque
708 3550 848 3613 congrua
863 3530 1013 3612 carpant!
