2567 4209
160 334 221 396 124
433 326 553 377 OVID'S
574 318 907 375 meramont’ttosns.

524 692 676 761 BOOK
713 689 817 755 XII.

524 963 631 1006 mons:
657 961 696 1003 Ol*
721 958 819 1002 FAME.

616 1119 646 1160 v.
670 1099 724 1161 39.

158 1239 245 1305 Orbe
260 1239 347 1305 locus
362 1239 467 1304 medio
480 1247 530 1303 est
543 1238 625 1301 iuter
640 1247 811 1314 terrasque,
828 1229 1026 1307 fretumque,

159 1345 374 1428 Coelestcsquc
390 1344 507 1427 plagas,
523 1340 653 1426 triplicis
668 1336 806 1404 confinia
821 1332 955 1408 mundi;

159 1449 265 1528 Unde,
281 1452 365 1533 quod
381 1460 585 1531 estnequam,
600 1443 743 1529 quamvis
759 1439 939 1523 regionibus
955 1432 1056 1509 absit,

160 1551 337 1635 Inspicitur,
353 1563 558 1635 penetratque
574 1572 667 1615 cavas
682 1570 742 1612 vox
758 1546 860 1610 omnis
874 1544 918 1606 ad
933 1558 1044 1603 aures·

159 1657 258 1721 Fama
273 1668 370 1735 tenet,
386 1658 571 1739 summaque
585 1658 715 1720 domum
731 1653 789 1716 sibi
804 1649 881 1733 legit
895 1648 929 1710 in
944 1665 1043 1709 arce:

159 1760 405 1845 Innumerosque
420 1761 534 1839 aditus,
549 1784 589 1826 ac
603 1759 687 1824 mille
703 1757 857 1823 foramina
873 1752 964 1818 tectis

160 1864 304 1943 Addidit,
320 1876 352 1928 et
368 1865 460 1929 nullis
475 1865 600 1928 inclusit
616 1864 724 1927 limina
739 1861 847 1945 portis.

160 1968 264 2033 Nocte
280 1970 393 2053 dicque
408 1980 504 2054 patet.
551 1971 634 2033 Tota
649 1980 698 2032 est
713 1989 752 2031 ex
769 1987 830 2029 aerc
847 1960 991 2027 sonanti:

159 2075 243 2138 Tota
259 2076 370 2153 fremit,
385 2094 541 2157 vocesque
557 2075 661 2153 refert,
678 2074 830 2155 iteratque
846 2068 931 2152 quod
947 2064 1054 2129 audit.

160 2177 257 2241 Nulla
272 2180 360 2261 quies
375 2180 468 2257 intus,
484 2180 631 2262 nullique
647 2178 770 2241 silentia
786 2187 884 2259 parte.
1165 2170 1203 2227 10

160 2280 231 2343 Nec
246 2292 350 2345 tamen
365 2293 413 2345 est
427 2283 554 2362 clamor,
569 2285 625 2346 sed
640 2303 745 2365 parvae
760 2300 920 2343 murmura
936 2275 1043 2339 vocis:

160 2383 277 2452 Qualia
292 2387 333 2450 de
348 2386 460 2469 pelagi,
476 2388 586 2470 siquis
601 2387 710 2470 procul
726 2387 844 2462 audiat,
861 2382 954 2446 undis

161 2486 237 2551 Esse
253 2489 371 2555 solent:
396 2491 558 2573 qualemve
574 2512 696 2569 sonum,
713 2492 785 2555 cdm
802 2487 924 2572 Jupiter
938 2496 1024 2549 atras

160 2591 320 2675 increpuit
334 2595 443 2673 nubes,
459 2607 597 2660 extrema
613 2596 750 2658 tonitrua
765 2594 913 2657 reddunt.

161 2693 249 2758 Atria
264 2698 354 2761 turba
368 2709 495 2763 terrent:
520 2701 651 2763 veniunt
666 2698 735 2763 leve
751 2699 872 2780 vulgus,
889 2704 1052 2776 euntque:

160 2797 322 2881 Mixtaque
337 2824 409 2865 cum
425 2804 504 2865 veris
519 2806 633 2885 passim
649 2815 827 2869 commenta
843 2810 996 2883 vagantur

160 2900 261 2964 Millia
276 2925 443 2983 rumorum,
459 2908 651 2990 confusaque
667 2909 761 2971 verba
775 2907 927 2970 volutant.

160 3004 188 3067 E
203 3005 315 3088 quibus
329 3008 361 3071 hi
377 3029 491 3073 vacuas
505 3010 636 3092 implent
651 3012 844 3075 sermonibus
859 3030 969 3073 aures:

159 3108 205 3173 Hi
220 3124 342 3175 narrata
356 3113 462 3177 ferunt
475 3115 554 3179 alid:
579 3136 786 3199 mensuraque
802 3115 868 3178 ficti

160 3213 288 3291 Crescit,
304 3227 337 3278 et
351 3219 464 3280 auditis
478 3220 593 3301 aliquid
610 3242 709 3283 novus
724 3220 830 3304 adjicit
844 3229 964 3281 auctor.

159 3314 227 3378 Illic
242 3316 426 3395 Credulitas,
444 3321 505 3384 illic
520 3324 701 3385 temerarius
718 3314 818 3399 Error,

160 3418 311 3499 Vanaque
325 3420 451 3483 Laetitia
465 3434 522 3498 est,
538 3428 789 3507 consternatique
805 3426 960 3502 Timores,

161 3520 342 3599 Seditioque
357 3542 479 3601 repens,
496 3525 652 3606 dubioque
667 3539 793 3591 auctore
811 3529 947 3591 Susurri.

159 3617 232 3699 Ipsa
246 3620 320 3699 quid
336 3621 368 3681 in
383 3623 464 3685 ooelo
478 3645 591 3701 rerum,
607 3630 780 3709 pelagoque
795 3641 931 3710 geratur,
1010 3696 1014 3708 ‚

160 3720 201 3782 Et
217 3720 335 3798 tellure,
351 3723 446 3801 videt,
462 3735 623 3809 totumque
639 3730 763 3810 inquirit
778 3732 810 3792 in
826 3732 945 3796 orbem.
