2567 4209
539 274 636 324 BOOK
660 272 733 325 xlv.

117 442 205 509 Atra
220 443 324 509 favilla
337 443 431 521 volat,
445 444 677 528 glomerataque
693 465 805 527 corpus
821 442 853 507 iu
870 464 969 508 unurn

119 548 293 628 Densatur,
308 550 483 631 faciemque
498 550 591 632 capit,
607 551 763 632 sumitque
779 550 914 614 calorem

122 653 232 736 Atque
246 655 384 717 animam
399 675 438 717 ex
453 654 528 737 igni.
573 654 700 718 Levitas
715 676 772 719 sua
787 654 920 737 praebuit
933 653 1009 721 alus.

124 759 170 822 Et
185 759 283 840 primb
298 759 404 822 similis
418 759 545 837 volucri,
560 781 633 823 mox
650 781 723 823 vera
737 759 868 823 volucris
1146 838 1151 846 ⁵

122 863 268 927 Insonuit
282 864 404 946 pennis.
450 864 567 928 Pariter
581 866 713 929 sonuere
729 886 848 928 sorores
1079 866 1146 931 605

122 969 314 1047 Innumerae,
329 970 441 1051 quibus
456 984 505 1033 cst
518 971 630 1033 eadem
646 970 756 1033 natalis
770 970 867 1053 origo.

122 1073 251 1157 Terque
266 1096 376 1157 rogum
392 1074 539 1138 lustrant:
564 1085 597 1138 et
611 1096 767 1139 consonus
782 1075 846 1138 exit
861 1074 893 1139 in
909 1094 999 1139 auras

122 1178 192 1241 Ter
205 1178 349 1262 claugor:
373 1189 484 1261 quarto
499 1181 654 1243 seducunt
669 1190 769 1243 castra
783 1178 897 1242 volatu.

123 1283 211 1347 Tum
226 1285 291 1347 duo
306 1284 429 1347 diversi
443 1284 549 1367 populi
564 1286 605 1347 de
621 1295 708 1366 parte
724 1283 843 1347 feroces

122 1388 214 1453 Bella
227 1401 350 1472 gerunt,
365 1389 541 1471 rostrisque,
557 1399 590 1452 et
604 1389 734 1453 aduncis
751 1388 906 1471 unguibus
921 1388 981 1452 iras
1080 1390 1147 1455 610

124 1494 293 1572 Exercent,
308 1494 435 1575 alasque
449 1496 640 1576 adversaque
657 1504 784 1576 pectora
799 1492 932 1557 lassant:

122 1599 311 1681 Inseriaeque
326 1601 444 1663 cadunt
458 1599 555 1663 cineri
570 1608 703 1681 cognata
719 1598 841 1681 sepulto

122 1704 274 1787 Corpora,
290 1725 385 1787 seque
400 1704 466 1767 viro
481 1704 551 1767 forti
565 1704 737 1767 meminere
752 1714 881 1768 creatas.

170 1809 362 1892 Praepetibus
377 1809 485 1872 subitis
500 1830 615 1871 nornen
631 1808 707 1872 facit
720 1818 848 1886 auotor3
871 1808 911 1871 ab
926 1808 980 1872 illo

123 1914 346 1978 Memnonides
361 1914 466 1991 dictae,
481 1915 554 1976 cum
569 1913 614 1975 sol
630 1914 778 1976 duodena
792 1912 911 1995 peregit
1080 1914 1146 1977 615

125 2019 235 2102 Signa,
251 2018 401 2103 parentali
416 2018 559 2101 peritura
575 2017 679 2080 Marte
694 2015 854 2080 rebellant.

124 2125 210 2208 Ergo
223 2124 290 2188 aliis
305 2124 431 2187 latrdsse
447 2122 639 2207 Dymantida
654 2121 756 2185 flebile
772 2121 891 2187 visum:

122 2230 276 2294 Luctibus
291 2239 339 2293 est
354 2228 475 2293 Aurora
489 2229 552 2292 suis
567 2228 699 2305 intenta,
715 2227 843 2311 piasque

124 2335 221 2399 Nunc
235 2334 359 2418 qubque
374 2335 429 2398 dat
443 2334 604 2418 lacrymas,
619 2344 652 2397 ct
667 2343 734 2397 toto
750 2343 832 2397 rorat
846 2332 878 2397 in
894 2333 980 2399 orbe.

479 2871 633 2938 BOOK
671 2870 788 2937 XlV.

337 3122 549 3165 summm·
572 3120 613 3161 01·
635 3120 746 3161 AENEAS
770 3120 806 3161 nt
829 3118 935 3161 lum.

566 3270 596 3313 v.
620 3221 704 3313 445Ῑ

126 3394 261 3461 Solvitur
277 3390 409 3455 herboso
423 3388 569 3472 religatur
583 3389 624 3452 ab
638 3408 753 3472 aggere
769 3387 862 3466 lunis,

126 3500 166 3563 Et
180 3496 289 3583 procul
304 3496 441 3571 insidias,
456 3495 678 3574 infamemque
694 3492 873 3575 relinquunt

125 3605 226 3669 Tecta
240 3603 321 3679 dae,
336 3600 483 3681 lucosque
498 3606 621 3681 petunt,
636 3597 690 3659 ubi
706 3595 829 3659 nubilus
846 3592 957 3657 umbra

126 3711 162 3774 lu
176 3727 263 3771 mare
278 3725 351 3768 cum
366 3704 448 3767 flavb
462 3700 635 3785 prommpit
649 3700 764 3782 Tybris
779 3698 883 3760 arent.
966 3706 968 3709 ’

395 3808 464 3869 13*
