2567 4209
516 330 613 379 aoou
637 328 685 379 nr.
1069 332 1113 393 49

42 498 283 565 ,Iamdudum
297 501 421 564 flebam.
467 500 634 584 Lacrymas
650 520 761 562 manus
776 496 871 578 impia
886 504 1006 559 nostras

43 605 186 684 Ridet,
207 616 246 669 et
260 605 389 689 impellit
403 605 638 688 properantibus
654 624 780 686 aequora
795 601 898 665 remis.
1046 603 1108 663 241

45 709 124 775 Per
144 710 217 773 tibi
236 731 320 775 nunc
334 711 437 793 ipsum
456 710 530 799 (nec
545 710 628 772 enim
644 707 825 791 praesentior
840 705 893 770 illo

49 812 123 879 Est
139 814 253 903 deus)
271 816 390 901 adjuro,
407 825 470 879 tam
486 836 536 878 me
552 814 607 877 tibi
623 835 697 877 vera
710 812 834 890 referre,

50 920 189 987 Quam
209 921 278 984 veri
292 921 409 1005 majora
424 921 497 983 fide.
546 919 639 983 Stetit
655 938 780 999 aequore
796 916 910 1000 puppis

51 1024 174 1087 Haud
193 1024 298 1103 aliter,
314 1025 409 1107 quam
424 1025 449 1087 si
464 1024 582 1089 siccum
598 1023 706 1087 navale
722 1030 852 1085 teneret.
1046 1024 1111 1083 245

52 1128 112 1193 Illi
131 1131 341 1193 admirantes
357 1151 512 1192 remorum
527 1129 559 1191 in
575 1129 703 1191 verbere
718 1139 867 1210 perstant,

56 1234 422 1317 Velaquerdeducunq
433 1234 619 1317 geminaque
635 1255 695 1316 ope
704 1254 832 1297 currere
844 1243 981 1297 tentant.

56 1339 270 1422 Impediunt
285 1340 410 1403 hederae
426 1360 538 1417 remos,
554 1359 699 1421 nexuque
716 1360 845 1402 recurvo

63 1446 240 1527 Serpunt,
256 1455 290 1507 et
303 1444 438 1527 gravidis
453 1444 642 1527 distringunt
657 1444 725 1507 vela
739 1443 902 1527 corymbis.

62 1549 163 1632 Ipse,
182 1550 377 1613 racemiferis
393 1550 527 1613 frontem
542 1550 751 1613 circumdatus
766 1549 843 1628 uvis,
1047 1552 1113 1614 250

64 1653 268 1737 Pampineis
283 1654 381 1737 agitat
396 1654 531 1719 velatam
546 1654 707 1718 frondibus
722 1655 852 1719 hastam.

69 1760 194 1829 Quem
212 1760 297 1824 circa
311 1760 414 1843 tigres,
430 1760 655 1842 simulacraque
670 1760 775 1832 inania
788 1759 926 1845 lyncum,

70 1861 310 1946 Pictarumque
322 1866 429 1949 jacent
444 1864 509 1928 fera
524 1866 899 1948 corporapantherarum.

124 1969 298 2033 Exsiluere
313 1969 389 2047 viri3
413 1970 477 2032 sive
493 1970 553 2033 hoc
566 1957 687 2038 insania
702 1969 786 2046 fecit,

77 2074 161 2139 Sive
179 2075 289 2139 timor:
316 2074 494 2157 primusque
510 2074 630 2137 Medon
647 2074 820 2156 nigrescere
836 2073 949 2157 pinnis,
1048 2076 1113 2137 255

78 2180 230 2263 Corpore
245 2181 403 2263 depresso,
420 2190 452 2242 et
468 2178 565 2260 spinae
582 2178 761 2243 curvamina
775 2179 859 2243 flecti

78 2281 216 2369 Incipit.
262 2284 349 2349 Huic
363 2284 516 2368 Lycabas,
534 2294 552 2323 “
564 2284 601 2348 In
617 2306 688 2367 quae
704 2284 882 2363 miracula,'’
899 2285 987 2364 dixit,

83 2398 104 2427 “
115 2390 282 2455 Verteris?
295 2390 314 2419 ''
338 2400 370 2453 et
386 2389 439 2453 lati
455 2390 597 2453 rictus'et
611 2392 716 2473 panda
731 2390 870 2474 loquenti

82 2490 183 2559 Naris
197 2506 276 2573 erat,
291 2516 512 2578 squamamque
528 2496 607 2559 cutis
623 2497 735 2559 durata
750 2496 900 2560 trahebat.

86 2599 133 2662 At
148 2601 259 2684 Libys,
275 2600 433 2664 obstantes
449 2600 525 2663 dum
541 2600 608 2663 vult
623 2601 783 2665 obvertere
798 2623 909 2679 remos,
1047 2603 1114 2664 260

85 2702 126 2767 In
142 2706 281 2789 spatium
295 2705 411 2769 resilire
426 2726 537 2769 manus
551 2706 645 2769 breve
661 2706 747 2784 vidit,
756 2717 796 2771 et
810 2705 877 2769 illas

87 2806 162 2873 Jam
178 2833 243 2874 non
259 2832 459 2889 assemanus,
472 2814 537 2895 jam
553 2811 664 2895 pinnas
679 2832 770 2894 posse
785 2812 898 2876 vocari.

90 2912 181 2979 Alter
196 2918 237 2979 ad
253 2916 383 2979 intortos
398 2902 528 2999 cupiens
544 2918 618 2979 dare
633 2918 761 2981 brachia
775 2918 876 2995 funes,

90 3017 225 3085 Brachia
239 3043 303 3085 non
319 3021 436 3099 habuit,
448 3032 625 3105 truncoque
641 3024 798 3105 repandus
809 3024 841 3087 in
857 3024 958 3087 undas

93 3122 232 3208 Corpore
249 3125 382 3189 desiluit.
429 3127 454 3189 F
456 3126 555 3189 alceta
571 3126 737 3189 novissima
753 3129 854 3190 cauda
868 3138 925 3205 est,
1048 3131 1114 3192 265

94 3229 211 3297 Qualia
227 3231 362 3294 dividuae
379 3231 542 3294 sinuantur
557 3252 675 3293 cornua
688 3230 783 3294 lunae.
805 3268 815 3290 t

94 3330 242 3417 Undique
257 3337 335 3399 dant
351 3336 455 3413 saltus,
472 3333 631 3417 multaque
646 3337 833 3420 adspergine
849 3349 963 3417 rorant,

98 3436 328 3523 Emerguntque
344 3441 466 3518 iterum,
482 3442 676 3524 redeuntque
692 3443 749 3505 sub
765 3465 891 3526 aequora
905 3466 1019 3522 rursus,

97 3539 192 3626 Inque
209 3545 295 3609 chori
311 3544 427 3630 ludunt
439 3546 585 3627 speciem,
602 3546 909 3631 lasciuaquejactant

97 3644 243 3733 Corpora,
260 3661 293 3713 et
307 3661 473 3733 acceptum
489 3650 601 3733 patulis
615 3673 701 3715 mare
717 3652 844 3715 naribus
858 3654 975 3717 efflant.
1050 3656 1116 3719 270

99 3748 145 3815 De
160 3755 254 3820 modb
271 3755 377 3838 viginti
396 3756 457 3844 <tot
472 3756 557 3819 enim
572 3757 645 3819 ratis
659 3757 712 3820 illa
727 3755 860 3841 serebat)

165 3894 166 3897 ¹
362 3865 382 3922 5
