2567 4209
159 299 221 365 14⁴
431 290 551 339 ovros
573 286 907 340 umanoaruosns.

157 460 269 541 Fortis,
284 471 317 525 et
332 458 448 538 infelix,
463 470 496 523 et
511 458 675 543 plusquam
692 456 832 534 famina,
847 454 937 538 virgo
1134 455 1200 517 450

157 565 291 630 Ducitur
305 566 347 629 ad
363 564 527 642 tumulum,
543 563 674 646 diroque
690 562 725 626 fit
740 561 841 625 hostia
856 560 960 625 busto.

159 671 243 741 Quae
258 692 377 735 memor
392 669 460 753 ipsu
474 669 532 748 sui,
548 678 715 751 postquam
731 667 908 731 crudelibus
923 664 989 729 axis

159 776 298 839 Admota
312 785 370 852 est,
385 775 543 856 sensitque
558 772 617 837 'sibi
632 772 698 837 fera
714 794 802 837 sacra
816 771 938 855 parari3

158 879 189 945 :U
192 890 265 962 tque
282 878 524 963 Neoptolemum
539 888 685 955 stantem,
702 876 880 959 ferrumque
896 885 1081 952 tenentem,

160 983 259 1065 Inque
275 1005 334 1047 suo
348 983 425 1047 vidit
439 984 588 1065 figentem
604 982 724 1045 lumina
739 982 845 1059 vultu;
1135 981 1202 1041 455

162 1089 278 1153 ‘Utere
290 1090 477 1174 jamdudum
491 1110 645 1171 generoso
660 1088 835 1170 sanguine‚'
851 1086 949 1149 dixit:

163 1193 278 1257 ‘Nulla
292 1207 450 1257 moreest.
497 1192 542 1256 At
556 1202 590 1255 tu
603 1192 723 1277 jugulo,
740 1193 788 1255 vel
806 1201 932 1274 pectore
948 1189 1054 1253 telum

162 1296 272 1362 Conde
288 1299 397 1361 meo:'
418 1298 623 1383 jugulumque
639 1296 731 1361 simul
747 1309 918 1380 pectusque
934 1295 1066 1359 retexit.

164 1403 312 1467 ‘Scilicet
326 1415 381 1467 aut
397 1402 450 1467 ulli
466 1404 578 1467 servire
595 1402 755 1485 Polyxena
771 1402 893 1478 serrem,

165 1505 232 1568 Aut
246 1526 301 1586 por
316 1508 377 1572 tale
392 1530 513 1571 sacrum
529 1529 646 1571 numen
664 1507 837 1589 placebitur
852 1506 962 1570 ullum.
1137 1506 1201 1569 46⁰

165 1606 253 1670 Mors
268 1610 390 1669 tantinn
405 1611 515 1676 vellem
530 1623 662 1675 matrem
678 1632 749 1675 mea
764 1611 869 1675 fallere
886 1620 1002 1694 posset.

166 1710 270 1774 Mater
285 1710 383 1788 obest,
399 1714 570 1796 minuitque
586 1718 673 1781 necis
689 1716 765 1781 mibi
779 1716 911 1799 gaudia:
935 1716 1090 1797 quamvis

168 1815 243 1879 Non
259 1835 329 1879 mea
343 1836 426 1877 mors
441 1813 495 1891 illi,
510 1823 615 1885 verum
630 1843 688 1885 sua
704 1822 765 1885 vita
781 1822 938 1903 gemenda
952 1831 1012 1883 est.

168 1920 234 1985 Vos
249 1919 354 1997 modd,
370 1941 410 1983 ne
427 1919 552 2002 Stygios
567 1923 677 1987 adeum
694 1948 757 1989 non
774 1926 870 1989 libera
885 1946 1004 2003 manes,
1023 1964 1031 1971 —

114 2023 119 2034 ’
170 2026 245 2089 Este
261 2024 369 2108 procul
381 2047 389 2103 ;
413 2024 438 2088 si
449 2024 533 2109 justa
547 2034 638 2106 peto:
664 2037 810 2113 tactuque
826 2031 928 2095 viriles
1140 2032 1202 2095 465

170 2129 321 2213 Virgineo
336 2140 491 2192 removete
507 2149 635 2191 manus:
660 2136 816 2211 acceptior
832 2135 885 2213 illi,

172 2234 323 2316 Quisquis
339 2233 364 2295 is
379 2244 436 2310 est,
452 2253 546 2314 quem
562 2234 650 2295 caede
664 2233 737 2295 med
753 2234 874 2315 placare
889 2241 1015 2321 paratis,

171 2337 266 2401 Liber
281 2337 339 2400 erit
354 2338 487 2419 sanguis,
536 2336 571 2400 Si
586 2359 664 2420 quos
681 2349 784 2400 tamen
802 2338 910 2402 ultima
927 2345 1022 2407 nostri

172 2441 256 2505 Vota
270 2452 397 2505 movent
412 2440 492 2519 oris;
516 2442 629 2505 Priami
646 2463 699 2504 vos
715 2441 778 2504 filia
793 2443 884 2524 regis,

173 2547 248 2611 Non
262 2547 395 2629 captiva,
412 2558 519 2630 rogat3
541 2547 684 2629 genitrici
699 2568 812 2629 corpus
827 2547 1002 2629 inemptum
1140 2559 1205 2619 470

173 2652 329 2717 Reddite:
354 2673 434 2715 neve
449 2674 526 2715 auro
540 2651 673 2714 redimat
684 2652 735 2736 jus
752 2652 837 2715 triste
854 2652 998 2734 sepulcri,

173 2758 241 2823 Sed
257 2757 410 2839 lacrymis.
456 2758 559 2833 Tunc,
575 2756 647 2818 crim
664 2766 794 2837 poterat,
811 2756 985 2821 redimebat
1000 2766 1034 2820 et
1048 2760 1158 2823 auro!

219 2860 357 2923 Dixerat.
404 2859 447 2922 At
463 2859 596 2941 populus
611 2859 773 2943 lacrymas,
788 2882 866 2942 quas
881 2859 934 2924 illa
949 2861 1094 2939 tenebat,

176 2962 250 3029 Non
266 2973 362 3027 tenet.
409 2963 481 3047 lpse
495 2964 589 3027 etiam
605 2965 684 3027 flens
699 2965 875 3046 invitusque
892 2966 1041 3029 sacerdos

175 3068 309 3133 Praebita
324 3068 468 3154 conjecto
483 3068 565 3152 rupit
580 3069 754 3151 praecordia
768 3069 859 3132 ferro.
1140 3076 1205 3136 475

176 3173 242 3251 Illa,
258 3185 478 3256 superterram
494 3174 617 3239 desecto
633 3173 750 3255 poplite
767 3173 885 3250 labens,

172 3277 307 3343 Pertulit
322 3279 491 3361 intrepidos
506 3279 546 3343 ad
563 3278 627 3341 fata
638 3277 809 3349 ,novissima
825 3278 937 3341 vultus.

176 3381 318 3448 Troados
329 3381 499 3462 excipiunt,
514 3382 753 3463 deploratosque
768 3393 933 3445 recensent

177 3484 357 3559 Priamidas,
372 3493 404 3543 et
419 3484 493 3562 quid
508 3485 630 3545 dederit
645 3485 757 3545 domus
773 3507 836 3547 una
845 3486 976 3549 cruoris.

176 3584 287 3663 Teque
302 3595 441 3664 gemunt,
458 3584 553 3663 virgo,
569 3595 673 3663 teque,
690 3607 709 3646 o
724 3588 819 3650 modo
835 3590 918 3669 regia
934 3592 1062 3675 conjux,
1137 3598 1202 3661 480

177 3684 278 3766 Regia
291 3684 376 3747 dicta
390 3704 511 3765 parens,
528 3685 612 3747 Asiae
629 3688 768 3751 florentis
782 3690 905 3771 inrago;
