2567 4209
512 306 610 357 BOOK
630 307 707 359 Xlll.
1054 316 1117 379 145

74 474 115 537 N
117 496 189 539 unc
203 476 300 542 etiam
314 477 430 558 pmdoe
445 476 528 541 mala
542 499 625 543 sors:
650 500 743 561 quam
760 479 858 543 vietor
872 478 1001 563 Ulysses

75 578 169 645 Esse
186 600 276 644 suam
289 580 396 660 nollet,
413 582 471 645 nisi
486 582 570 664 quod
587 593 691 647 tamen
707 583 848 649 Hectora
862 594 953 667 putu

76 684 258 750 Edideras.
303 686 474 751 Dominum
488 688 579 752 matri
595 690 647 751 vix
663 690 777 772 reperit
791 689 922 755 Hector.

77 790 177 860 Quae
193 813 306 875 corpus
320 794 485 876 complexa
498 794 612 858 animae
628 805 692 859 tam
708 795 794 860 sortis
809 795 913 874 inane,
1049 796 1116 861 485

78 894 183 964 Quas
199 898 290 960 toties
305 899 413 981 patriae
428 900 568 977 dederat,
585 900 737 982 natisque,
754 899 892 983 viroque,

77 994 179 1061 Huic
192 1018 317 1081 quoque
333 1000 388 1063 dat
402 999 571 1084 lacrymas3
594 1000 746 1084 lacrymas
761 1001 793 1065 in
809 1001 937 1065 vulnera
952 1001 1073 1067 fundit:

78 1102 271 1186 Osculaque
286 1124 339 1167 ore
355 1105 440 1188 legit,
455 1116 668 1187 consuetaque
685 1117 811 1188 pectora
826 1106 961 1190 plangit:

80 1208 309 1292 Canitiemque
324 1230 414 1273 suam
429 1222 578 1274 concreto
592 1211 625 1274 in
640 1212 792 1294 sanguine
809 1232 944 1289 verrens,

82 1312 185 1377 Plura
198 1315 336 1396 quidem,
352 1317 457 1381 sedet
471 1315 550 1393 haec,
566 1315 682 1379 laniato
697 1326 823 1399 pectore
838 1316 933 1381 dixit:
1048 1321 1114 1383 490

84 1428 96 1459 ‘
110 1418 198 1482 Nata
212 1430 275 1483 tuae
294 1420 385 1509 (quid
399 1420 484 1484 enim
499 1431 641 1503 superest
650 1420 679 1507 l)
696 1420 785 1485 dolor
800 1420 907 1485 ultime
922 1421 1023 1501 matri,

84 1524 187 1603 Nata,
200 1525 296 1609 jaces,
314 1526 469 1609 videoque
485 1537 585 1604 tuum,
601 1547 672 1591 mea
689 1526 825 1605 vulnera,
842 1526 964 1591 vulnus.

85 1630 155 1707 En,
170 1652 211 1693 ne
227 1631 414 1713 perdiderim
429 1652 617 1715 quemquam
633 1632 700 1696 sine
716 1633 804 1696 caede
819 1653 972 1711 meorum,

85 1737 145 1800 Tu
160 1736 284 1819 quoque
300 1736 411 1800 vulnus
425 1736 532 1801 habes.
578 1737 623 1799 At
637 1747 680 1815 te,
695 1738 769 1819 quia
784 1737 911 1816 femina,
927 1737 1016 1803 rebar
1031 1763 1041 1781 ν

89 1841 123 1907 A
139 1841 220 1906 ferro
234 1851 351 1905 tutam:
376 1840 515 1906 cecidisti
529 1851 563 1905 et
578 1841 695 1905 semina
710 1842 801 1906 ferro.
1047 1847 1114 1909 495

88 1946 218 2029 Totque
233 1957 304 2010 tuos
319 1946 403 2011 idem
419 1947 539 2023 fratres,
554 1958 587 2009 te
602 1946 738 2028 perdidit
752 1946 847 2023 idem,

93 2052 230 2119 Eritium
246 2054 361 2138 Trojae‚
378 2052 536 2135 nostrique
551 2050 684 2129 orbator,
702 2050 850 2115 Achilles.

95 2158 138 2223 At
153 2169 316 2241 postquam
332 2158 451 2221 Paridis
466 2157 582 2221 cecidit
596 2155 769 2239 Phoebique
784 2156 914 2239 sagittis,

94 2273 113 2304 ¹‘
124 2263 219 2328 Nunc
234 2264 350 2341 cert'e‚''
368 2263 442 2341 dixi,
460 2271 479 2301 ‘⁴
492 2284 556 2325 non
571 2273 619 2325 est
634 2262 822 2325 metuendus
838 2261 1008 2326 Achilles.'’

95 2368 190 2433 Nunc
204 2369 327 2452 quoque
342 2367 386 2431 mi
401 2368 588 2431 metuendus
603 2378 679 2430 erat.
718 2365 804 2429 Cirris
819 2365 885 2449 ipse
901 2367 1013 2449 sepulti
1049 2372 1115 2433 500

93 2474 133 2538 ln
147 2495 244 2557 genus
260 2473 321 2537 hoc
335 2472 441 2536 saevit:
466 2472 587 2536 tumulo
600 2472 726 2555 quoque
742 2473 894 2535 sensimus
909 2472 1051 2539 hostem:

95 2578 234 2645 AEacidae
250 2579 399 2643 foecunda
415 2578 469 2642 lui.
515 2577 606 2641 lacet
621 2577 701 2641 llion
717 2578 845 2659 ingens:

96 2685 279 2768 Eventnque
292 2683 380 2767 gravi
394 2682 482 2747 finita
496 2693 545 2746 est
560 2681 685 2763 publica
699 2681 822 2777 clades:

94 2792 131 2857 Si
147 2791 232 2855 linita
246 2801 362 2855 tamem
408 2788 474 2853 Soli
489 2788 565 2852 mihi
580 2788 733 2871 Pergama
747 2797 882 2851 restant:

76 2897 133 2962 'ln
147 2916 299 2979 cursuque
313 2917 402 2959 meus
416 2894 505 2959 dolor
520 2906 578 2958 est.
623 2894 723 2959 Modo
738 2894 874 2958 maxilua
888 2914 1002 2974 rerum,
1047 2898 1113 2961 505

92 3003 159 3067 'rot
171 3002 293 3086 geneda
308 3001 450 3082 natisque
465 3012 586 3083 potens,
602 3000 792 3081 nuribusque
808 2999 945 3081 viroque,

97 3108 129 3172 N
131 3130 190 3171 unc
204 3107 308 3171 trahor
322 3104 420 3182 exsul,
435 3104 536 3185 inops,
552 3103 679 3166 tumulis
694 3104 801 3166 avulsa
814 3123 966 3181 meorum,

97 3213 260 3296 Penelopae
275 3232 408 3274 munus:
432 3229 503 3291 qua:
519 3228 580 3284 me,
596 3208 670 3272 data
684 3228 782 3289 pensa
797 3207 982 3285 trahentem,

98 3318 245 3383 Matribus
259 3316 430 3379 ostendens
445 3313 571 3391 Ithacis,
588 3321 607 3350 “
617 3312 700 3376 Haec
716 3310 861 3375 Hectoris
876 3310 929 3377 illa
943 3321 992 3376 est

97 3424 184 3487 Clara
198 3442 321 3505 parens,
337 3419 408 3483 haec
421 3418 500 3496 est,”
517 3418 612 3495 dicet,
629 3416 814 3481 “Priameia
829 3416 975 3502 conjux.''
1045 3421 1112 3483 510

99 3528 229 3610 Postque
245 3534 293 3588 tot
305 3524 434 3587 amissos
449 3532 485 3587 tu
499 3543 595 3599 nunc,
610 3542 682 3603 quae
697 3521 763 3585 sola
776 3520 902 3584 levabas

100 3631 254 3697 Maternos
269 3628 380 3708 luctus,
397 3627 519 3692 hostilia
534 3627 625 3689 busta
640 3624 742 3707 piasti.

100 3738 223 3804 Inferias
239 3734 320 3799 hosti
335 3732 453 3815 peperi
499 3730 576 3799 Quo
591 3729 693 3793 ferrea
706 3729 810 3791 resto?

363 3840 404 3899 13
