2567 4209
187 318 230 383 58
466 314 585 365 OVID'S
606 314 935 365 musamourflosns

186 481 250 549 Hic
265 484 590 569 mudbcumgemiud
607 484 739 549 visaest·
749 485 926 567 mibi-prole
941 485 1073 551 leaenal

187 588 293 675 thue
311 590 394 669 t‘erae,
411 591 549 674 sequitur
564 591 695 673 vestigia
709 592 851 676 conjugis
865 612 973 655 amens
985 614 993 668 ;
1169 596 1224 658 195

187 692 299 779 Deque
315 695 384 760 sinu
400 696 505 761 matris
521 695 686 773 ridentem,
703 707 736 759 et
750 717 846 778 parva
859 696 1041 760 Learchum

187 798 320 864 Brachia
336 802 529 879 tendentem,
546 800 636 883 rupit,
653 809 686 863 et
700 800 748 863 bis
763 812 873 882 terque
890 822 944 883 per
957 823 1055 865 auras

187 904 279 969 More
294 916 375 971 rotat
390 904 507 986 lundae,
524 905 686 989 rigidoque
702 905 833 971 infantia
847 928 923 970 saxo

187 1008 324 1075 Discutit
338 1032 409 1077 ossa
424 1010 520 1075 seros.
567 1013 652 1076 Tum
667 1011 804 1094 denique
819 1012 943 1076 concita
957 1023 1074 1091 mater,

190 1116 270 1205 (Seu
287 1115 375 1181 dolor
391 1118 451 1183 hoe
467 1116 551 1196 lecit,
568 1138 624 1181 seu
639 1117 735 1199 sparsi
751 1138 847 1181 causa
862 1116 990 1205 veneni)
1163 1123 1223 1183 200
1261 1155 1262 1166 1

188 1220 344 1302 Exululat,
361 1222 519 1308 passisque
535 1221 615 1307 sugit
630 1223 711 1287 male
728 1244 804 1286 sena
819 1223 954 1305 capillis:
1055 1277 1059 1283 .

187 1328 299 1413 Teque
316 1329 417 1393 serens
433 1350 562 1413 parvum
579 1329 681 1407 nudis,
697 1327 873 1407 Melicerta,
889 1328 1021 1408 lacertis,

189 1434 307 1513 ‘Evoii,
324 1435 470 1514 Bueche,'
487 1446 588 1499 sonat.
634 1432 752 1498 Bacchi
768 1434 826 1497 sub
841 1433 967 1497 nomine
983 1433 1074 1498 Juuo

187 1540 279 1618 Risit,
296 1551 338 1617 et,
356 1539 446 1603 ‘Hos
462 1561 536 1604 usus
552 1550 679 1623 praestet
696 1539 771 1618 tibi‚'
788 1539 876 1617 dixit,
894 1539 1080 1603 ‘alumnus'
1261 1551 1262 1608 l

232 1644 379 1709 Imminet
394 1644 571 1727 aequoribus
586 1645 745 1728 scopulus.
791 1633 866 1709 Pars
881 1645 944 1709 ima
959 1655 1092 1710 cavatur
1160 1651 1221 1711 205

187 1749 359 1829 Fluctibus,
375 1760 407 1814 et
423 1760 522 1815 tectas
538 1750 681 1815 defendit
695 1751 735 1815 ab
750 1750 899 1814 imbribus
915 1752 1033 1815 undas:

189 1856 320 1921 Summe
335 1856 424 1941 riget,
442 1856 637 1940 frontemque
653 1856 686 1919 in
702 1867 845 1939 apertum
861 1856 989 1940 porrigit
1002 1878 1128 1939 aequor.

187 1962 334 2046 Occupat
350 1963 434 2028 hunc
452 1962 547 2053 (vires
562 1962 685 2027 insania
700 1960 830 2049 lecerat)
848 1961 925 2026 Ino:

189 2069 294 2152 Seque
310 2089 403 2151 ruper
418 2080 561 2152 pontum,
577 2066 665 2132 nullo
681 2067 802 2132 tardata
817 2066 937 2145 timore,

187 2172 296 2251 Mittit,
313 2194 455 2256 onusque
471 2194 572 2238 suum.
620 2171 771 2237 Percussa
785 2172 949 2237 recanduit
965 2173 1060 2237 unda.
1089 2214 1094 2221 ³
1157 2179 1219 2239 210

231 2277 276 2341 At
292 2278 399 2343 Venus
414 2277 576 2345 immeritae
593 2279 696 2362 neptis
710 2277 857 2342 miserata
872 2277 1003 2356 labores,

188 2383 242 2448 Sic
258 2395 370 2467 patruo
384 2383 526 2449 blandita
541 2406 598 2449 suo
613 2395 679 2448 est:
705 2383 755 2447 ‘O
771 2405 888 2474 numen
905 2405 1067 2466 aquarum,

187 2489 333 2554 Proxima
347 2489 398 2554 cui
414 2489 495 2555 eoelo
511 2488 614 2569 cessit,
631 2489 792 2573 Neptune,
809 2500 966 2573 potestas3

187 2593 306 2681 Magne
321 2596 449 2679 quidem
464 2618 580 2680 posco;
604 2595 661 2660 sed
677 2606 711 2658 tu
727 2594 873 2659 miserere
888 2616 1040 2674 meorum,

186 2698 302 2767 Jactari
318 2724 396 2785 quos
412 2704 512 2769 cernis
528 2702 560 2767 in
577 2703 667 2767 Ionio
681 2701 853 2767 immenso:
1151 2709 1213 2769 215

186 2804 228 2871 Et
243 2806 292 2871 dis
307 2810 390 2871 adde
406 2809 477 2871 tuis.
523 2807 638 2892 Aliqua
654 2818 687 2871 et
702 2807 778 2873 mibi
793 2807 892 2891 gratia
907 2817 1005 2890 ponto
1020 2818 1086 2872 est:

188 2911 222 2977 Si
239 2923 345 2975 tamen
360 2911 394 2976 in
409 2912 463 2976 dio
478 2914 637 2995 quondam
653 2924 802 2977 concreta
818 2913 975 2996 profundo

187 3018 309 3103 Spuma
324 3018 378 3097 sui,
395 3018 587 3101 Graiumque
603 3031 711 3084 manet
725 3019 801 3083 mihi
817 3040 933 3083 nomen
949 3019 989 3083 ab
1006 3017 1079 3082 ills)

186 3124 309 3189 Adnuit
325 3124 426 3189 urenti
443 3124 612 3209 Neptunus
626 3149 634 3204 ;
658 3135 691 3189 et
705 3125 833 3189 abstulit
849 3124 918 3202 illis,

186 3229 285 3300 Quod
301 3231 431 3295 mortale
447 3231 515 3309 fuit,
532 3233 789 3316 majestatemque
806 3232 976 3294 verendam
1150 3238 1210 3299 220

186 3334 349 3417 Imposuit,
367 3356 544 3418 nomenque
560 3335 650 3398 simul
667 3336 841 3419 faciemque
858 3336 1002 3400 novavit:

186 3440 429 3526 Leucotheeque
446 3442 541 3505 deum
557 3462 630 3505 cum
647 3454 744 3509 matre
761 3441 940 3507 Palaemona
957 3442 1046 3506 dixit.
