2567 4209
161 326 204 389 93
436 319 556 369 ovurs
577 286 909 367 uerrucaruosus.

160 488 323 567 Reddidit,
339 499 373 553 et
386 489 492 553 medio
507 489 619 553 velavit
635 489 667 552 in
683 492 755 553 abre
771 488 893 571 pennis.

161 595 227 657 Sed
243 594 329 677 vigor
343 594 460 677 ingenii
476 594 635 677 quondam
651 593 765 657 velocis
780 594 812 657 in
828 592 904 670 alas,

159 698 259 781 Inque
275 699 372 783 pedes
386 699 483 777 abiit3
506 720 633 776 nomen,
650 698 734 781 quod
750 708 783 761 et
797 698 882 775 ante,
900 698 1063 761 remansit.

160 803 192 867 N
194 825 235 866 on
250 814 355 867 tamen
372 804 441 868 haec
455 803 517 867 alte
534 802 665 867 volucris
681 824 736 865 sua
751 823 881 885 corpora
898 801 986 879 tollit,

160 907 192 971 N
194 929 232 971 ec
246 907 320 972 facit
335 908 367 972 in
382 909 474 971 ramis
489 907 614 991 altoque
629 907 793 971 cacumine
809 907 918 984 nidos3
1147 910 1189 969 '15

161 1011 289 1095 Propter
305 1013 434 1075 humum
449 1012 566 1089 volitat,
582 1012 732 1094 ponitque
747 1011 779 1073 in
795 1010 920 1093 sepibus
935 1031 1015 1075 ova:

161 1117 353 1199 Antiquique
369 1138 487 1181 memor
501 1118 613 1181 metuit
627 1116 769 1180 sublimia
785 1116 882 1181 castis.

464 1365 634 1408 PHILEHON
659 1366 723 1406 ΛΝΒ
745 1364 872 1407 usuum.

608 1538 637 1579 v.
659 1518 734 1579 618.

162 1656 217 1720 Sic
231 1655 291 1719 ait:
317 1654 494 1717 ‘Immensa
507 1664 565 1732 est,
581 1656 739 1737 finemque
755 1656 896 1737 potentia
910 1654 981 1719 ooeli

162 1760 236 1823 Non
251 1759 355 1838 habet,
370 1770 403 1823 et
417 1759 570 1842 quidquid
585 1760 689 1843 superi
705 1759 840 1837 voludrc,
857 1769 1019 1842 peractum
1036 1770 1098 1824 est.

162 1864 299 1947 Quoque
316 1865 417 1928 minius
432 1863 566 1943 dubites,
583 1864 655 1928 tiliae
672 1864 865 1928 contermina
880 1884 1012 1946 quercus
1148 1868 1194 1929 80

160 1964 299 2029 Collibus
314 1977 362 2030 est
377 1966 528 2050 Phrygiis,
544 1966 670 2029 modico
684 1965 874 2028 circumdata
890 1986 988 2028 muro.

161 2070 258 2135 Haud
273 2071 380 2154 procul
396 2072 470 2135 hinc
485 2083 640 2153 stagnum,
658 2070 748 2133 tellus
763 2070 938 2134 habitabilis
953 2069 1039 2147 olim,

161 2173 193 2237 N
196 2197 257 2238 unc
272 2175 409 2239 celebres
424 2177 547 2259 mergis,
564 2175 726 2258 fulicisque
742 2174 927 2258 palustribus
943 2176 1050 2239 undae.

161 2277 283 2359 Jupiter
299 2280 370 2356 huc,
386 2280 489 2361 specie
506 2280 636 2357 mortali,
653 2301 786 2362 cumque
803 2289 931 2363 parente

161 2384 257 2446 Venit
273 2382 467 2447 Atlantiades
483 2384 590 2467 positis
605 2386 764 2449 caducifer
779 2385 845 2449 ulis.
921 2384 923 2389 ’
1145 2390 1193 2450 85

161 2487 249 2549 Mille
266 2488 375 2551 domos
390 2489 505 2566 adiere,
521 2488 625 2553 locum
641 2490 841 2573 requiemque
856 2500 1017 2572 petentes:

161 2591 250 2656 Mille
266 2594 375 2657 domos
391 2592 529 2658 clausere
546 2616 633 2657 seroe.
680 2594 802 2658 Tamen
819 2616 883 2657 una
898 2593 1025 2676 recepit,

161 2696 261 2761 Parva
275 2698 412 2781 quidem,
429 2699 547 2783 stipulis
562 2710 595 2763 et
610 2700 713 2763 canna
729 2709 812 2763 tecta
828 2698 972 2781 palustri:

162 2803 227 2865 Sed
244 2803 296 2883 pia
310 2803 423 2865 Baucis
437 2825 526 2881 anus,
543 2804 693 2886 parilique
710 2814 802 2867 aetate
819 2803 982 2868 Philemon

161 2905 219 2968 Illa
233 2917 306 2969 sunt
320 2906 410 2969 annis
422 2907 524 2991 juncti
535 2907 734 2991 juvenilibus,
750 2907 802 2972 illa
1144 2915 1190 2976 90

160 3009 362 3075 Consonuere
378 3012 468 3089 casin
492 3023 770 3095 paupertatemque
786 3014 914 3077 fatendo

162 3116 303 3180 Effecdre
320 3116 430 3195 levem,
446 3138 507 3181 nec
521 3116 627 3199 iniqub
641 3128 747 3180 mente
763 3117 934 3182 serendam.

162 3221 232 3284 Nec
248 3222 350 3299 refert,
366 3222 509 3286 dominos
524 3221 596 3300 illic,
612 3222 785 3285 famulosne
802 3222 958 3304 requiras;

160 3324 245 3388 Tota
259 3326 371 3389 domus
386 3328 450 3389 duo
465 3335 555 3388 sunt:
580 3325 666 3389 idem
681 3338 853 3409 parentque
866 3328 1050 3411 jubentque.

206 3428 290 3511 Ergo
306 3429 358 3491 ubi
374 3429 522 3492 ooelicolre
538 3450 649 3511 parvos
665 3431 795 3513 tetigbrc
811 3441 951 3513 penates,

136 3556 152 3581 ·
162 3532 385 3614 Submissoque
401 3532 532 3595 humiles
547 3533 702 3598 intrarunt
718 3528 832 3599 vertice
849 3546 964 3617 postes,

161 3636 306 3700 Membra
321 3659 416 3700 senex
431 3638 532 3719 posito
544 3638 635 3722 jussit
649 3638 785 3702 relevare
801 3639 909 3718 sedili3

162 3741 239 3808 Quo
254 3741 453 3824 superinjecit
469 3751 587 3804 textum
603 3742 680 3804 rude
697 3742 805 3807 sedula
821 3742 944 3807 Baucis.
