2567 4209
177 306 238 368 134
448 298 568 349 ovtn’s
591 298 923 349 METAMORPHOSBS.

173 469 292 533 Profuit
306 469 485 553 ingenium:
510 490 643 552 meaque
659 468 728 532 haec
743 468 902 547 facundia,
918 469 943 531 si
959 488 1025 549 qua
1040 478 1103 544 cst,

173 574 256 643 Quae
272 596 356 638 nunc
371 596 428 657 pro
443 575 581 651 domino,
598 594 656 656 pro
671 574 758 637 vobis
774 594 857 656 saepe
874 573 981 637 locuta
995 581 1058 649 est,

172 679 295 743 invidit
310 691 430 744 careat:
455 680 539 742 bona
554 700 614 742 nec
629 700 687 741 sua
701 679 832 761 quisque
846 690 982 741 recuset.

171 784 255 849 Nam
270 806 381 868 genus,
396 797 430 849 et
444 806 584 869 proavos,
600 795 632 848 et
648 806 719 867 quae
735 806 800 848 non
815 784 949 847 fecimus
964 784 1037 866 ipsi,
1145 787 1206 848 140

172 890 231 953 Vir
247 911 286 954 ea
302 902 405 954 nostra
421 911 509 954 voco.
556 890 733 965 Sedenim,
749 890 821 971 quia
837 890 942 952 retulit
957 889 1043 973 Ajax

172 995 248 1057 Esse
264 994 350 1060 Jovis
365 1016 530 1079 pronepos,
546 995 641 1057 nostri
657 994 781 1077 quoque
797 994 956 1075 sanguinis
971 1004 1089 1057 auctor

171 1099 292 1182 Jupiter
306 1112 363 1177 est,
380 1100 571 1182 totidemque
586 1101 701 1182 gradus
716 1100 866 1162 distamus
882 1099 921 1161 ab
937 1098 1000 1161 illo.

172 1207 255 1270 Nam
271 1208 346 1271 mihi
362 1209 490 1271 Laertes
505 1217 593 1290 pater
607 1218 666 1283 cst,
682 1206 829 1269 Arcesius
844 1205 896 1283 illi,

171 1312 292 1394 Jupiter
308 1312 397 1376 huic:
423 1333 524 1394 neque
539 1313 570 1374 in
588 1311 634 1374 his
650 1312 812 1393 quisquam
828 1311 996 1374 damnatus
1012 1321 1048 1375 et
1064 1312 1169 1376 exsul.

172 1420 228 1482 Est
243 1421 367 1503 qudque
383 1441 438 1502 per
451 1430 582 1484 matrem
597 1419 757 1503 Cyllenius
771 1420 880 1483 addita
894 1419 985 1481 nobis
1139 1423 1199 1484 146

171 1524 279 1587 Altera
294 1524 454 1587 nobilitas:
479 1526 558 1587 deus
573 1536 619 1587 est
634 1524 667 1587 in
684 1537 813 1607 utroque
829 1536 969 1607 parente.

172 1628 237 1690 Sed
253 1649 355 1710 neque
370 1638 511 1691 materno
526 1629 610 1711 quod
627 1650 694 1692 sum
709 1630 887 1712 generosior
903 1640 983 1705 omn,

172 1730 242 1795 Neo
257 1732 331 1796 mihi
347 1732 430 1815 quod
447 1744 535 1815 pater
549 1745 598 1797 est
613 1735 738 1798 fraterni
754 1734 912 1817 sanguinis
928 1734 1048 1813 insons,

172 1838 332 1921 Proposita
346 1860 432 1903 arma
446 1850 536 1921 peto:
562 1840 679 1902 meritis
694 1840 859 1921 expendite
876 1860 1015 1902 causam.
1141 1846 1199 1905 150

172 1943 351 2008 Dummodo
366 1944 450 2027 qudd
466 1944 574 2007 fratres
589 1943 742 2007 Telamon
760 1943 931 2026 Peleusque
948 1943 1093 2023 luerunt,

172 2049 277 2134 Ajacis
292 2050 435 2113 meritum
452 2072 514 2114 non
531 2050 586 2112 sit:
612 2071 672 2113 nec
687 2049 844 2131 sanguinis
859 2050 946 2125 ordo,

172 2154 238 2215 Sed
253 2154 373 2216 virtutis
388 2153 487 2217 honos
502 2154 605 2237 spoliis
620 2166 775 2237 quteratur
791 2154 822 2217 in
839 2154 913 2217 istis.

171 2256 237 2319 Aut
252 2257 276 2320 si
291 2259 471 2338 proximitas
487 2259 664 2341 primusque
680 2259 843 2341 requiritur
858 2259 958 2335 heres,

171 2359 228 2422 Est
241 2362 362 2443 genitor
378 2362 498 2439 Peleus,
513 2374 561 2425 est
577 2363 711 2446 Pyrrhus
726 2363 806 2425 lilius
822 2363 876 2426 illi.

171 2465 252 2535 Quis
268 2465 354 2529 locus
371 2465 481 2551 Ajaci?
527 2467 673 2531 Phthiam
689 2469 849 2551 Scyronve
865 2468 1014 2532 serantur.

171 2571 242 2635 Nec
256 2571 358 2635 minus
373 2583 421 2635 est
435 2572 495 2635 isto
510 2572 634 2635 Teucer
650 2572 796 2655 patruelis
812 2572 937 2636 Achilli.
1265 2598 1266 2686 p

171 2675 256 2739 Num
273 2678 351 2759 petit
366 2676 417 2740 ille
432 2680 559 2740 temen?
583 2698 660 2739 num
676 2687 788 2759 sperat,
805 2688 841 2740 ut
855 2678 976 2742 auferat
989 2684 1105 2744 mma?
1264 2716 1265 2787 p

215 2778 298 2861 Ergo
312 2800 442 2860 operum
457 2781 603 2862 qnoniam
620 2783 740 2845 nudum
757 2792 914 2845 certamen
930 2782 1076 2861 habetur,

169 2882 262 2947 Plura
276 2883 402 2966 quidem
419 2884 488 2961 leci,
504 2886 598 2967 qudm
613 2907 684 2968 quae
700 2887 924 2969 comprendere
939 2886 1032 2951 dictis
1134 2892 1191 2953 160
1262 2930 1263 2947 r

170 2988 206 3051 In
223 2999 367 3073 promptu
381 2988 457 3052 mihi
473 2988 529 3052 sit:
554 3010 656 3052 rerum
672 3000 777 3053 tamen
793 2991 901 3054 ordine
917 2992 1025 3055 ducar.

169 3094 302 3159 Praescia
316 3095 437 3158 venturi
452 3094 585 3179 genitrix
601 3095 718 3158 Nereia
733 3096 785 3158 leti

169 3199 350 3264 Dissimulat
364 3200 450 3264 cultu
467 3211 584 3264 natum.
631 3198 807 3283 Deceperat
822 3220 941 3278 omnes,

168 3304 205 3366 In
222 3305 333 3385 quibus
349 3304 490 3388 Ajacem,
506 3316 639 3387 sumptae
656 3304 775 3369 fallacia
791 3305 895 3368 vestis.

169 3407 265 3469 Arma
279 3429 340 3488 ego
355 3408 507 3483 femineis,
523 3409 662 3470 animum
678 3421 800 3472 motura
815 3408 943 3487 virilem,
1126 3416 1181 3477 165

168 3508 326 3568 Mercibus
341 3508 464 3570 inserui.
511 3507 623 3589 Neque
638 3512 743 3573 adhuc
758 3514 929 3595 projecerat
945 3514 1037 3577 heros

170 3608 331 3689 Virgineos
347 3608 478 3684 habitus,
494 3611 566 3671 edm
581 3631 720 3689 parmam
736 3615 917 3696 hastamque
933 3618 1066 3695 tenenti,

167 3710 269 3772 ‘Nate
285 3710 365 3784 ded,’
383 3710 456 3786 dixi,
473 3710 546 3773 ‘tibi
562 3731 595 3772 se
610 3714 745 3793 peritura
761 3727 918 3779 reservant
