2567 4209
541 279 638 328 soor<
662 278 708 329 rx.
1075 290 1136 359 ΝΒ

80 443 124 508 N
125 466 178 509 ec
195 448 312 511 modus
324 458 390 512 est:
415 448 541 513 sorbent
555 450 656 513 avidae
673 450 845 533 proeoordia
859 450 1004 530 flemme,
1091 456 1135 525 33

82 549 336 634 Caeruleusque
350 553 420 618 fluit
435 564 501 617 toto
515 554 556 618 de
573 576 701 637 corpore
717 556 821 633 sudor,

84 655 319 741 Ambustique
334 669 446 723 sonant
462 680 567 737 nerv1;
591 661 738 742 caecique
753 659 897 725 medullis

85 763 198 827 Tabe
217 764 401 847 liquefactis,
417 768 550 830 tendens
564 769 606 832 ad
620 768 722 832 sideru
738 768 866 851 palmus,

88 867 302 947 ‘Cladibus'
317 871 479 949 exclamat,
498 873 676 951 ‘Satumia,
693 894 820 956 poscere
836 873 964 939 nostris:

88 973 252 1052 Pascere,
268 986 301 1039 et
316 976 397 1040 hanc
411 989 532 1059 pestem
547 988 664 1060 specta,
681 976 824 1056 crudelis,
839 978 880 1041 ab
894 977 968 1057 alto,
1087 982 1132 1049 40

89 1079 234 1163 Corque
250 1081 348 1144 serum
364 1082 452 1145 satia
499 1081 558 1146 Vel
574 1083 599 1145 si
613 1083 807 1146 miserandus
822 1093 855 1146 et
869 1082 960 1162 hosti,

92 1184 234 1272 (Hostis
249 1186 333 1249 enim
348 1187 403 1249 tibi
419 1184 503 1273 sum)
521 1187 595 1250 diris
609 1187 796 1251 eruciatibus
811 1208 937 1269 aegram,

91 1289 306 1373 Invisamque
320 1291 467 1367 unimam,
483 1304 652 1374 natamque
667 1290 833 1369 laboribus,
848 1292 947 1357 auser.

92 1394 194 1458 Mors
211 1396 286 1460 mihi
301 1418 415 1460 munus
430 1396 503 1459 erit:
530 1398 621 1460 decet
636 1397 706 1459 haec
721 1397 795 1459 dare
812 1397 895 1461 dona
909 1416 1086 1467 novem.

95 1500 191 1583 Ergo
206 1523 267 1584 ego
281 1502 452 1565 loedantem
469 1502 632 1584 peregrino
648 1500 764 1584 templa
779 1521 888 1565 eruore
1082 1507 1127 1575 45

96 1605 228 1669 Busirin
244 1607 373 1671 domui?
396 1628 542 1689 saevoque
557 1606 706 1669 alimenta
719 1608 856 1688 parentis

97 1709 221 1775 Antaeo
235 1711 356 1794 eripui?
379 1733 440 1775 nec
454 1732 505 1773 me
520 1711 650 1794 pastoris
666 1711 747 1775 lberi

98 1815 219 1880 Forma
233 1815 352 1899 triplex,
369 1838 429 1881 neo
444 1817 543 1880 forma
559 1816 670 1897 triplex
684 1826 747 1893 tua,
763 1816 908 1895 Cerbero,
925 1817 1043 1883 movit?

102 1921 210 1983 Vosne
225 1943 336 1985 manus
352 1921 445 1985 validi
461 1921 613 2004 pressistis
627 1942 744 1984 cornua
759 1920 859 1987 tauri?

105 2027 249 2090 Vestrum
265 2048 343 2109 opus
360 2027 424 2090 Elis
439 2026 543 2102 habet,
559 2038 695 2088 vestrum
713 2024 944 2108 Stymphalides
959 2026 1064 2105 undae,
1080 2030 1124 2097 ὅθ

102 2131 364 2215 Partheniumque
381 2134 513 2196 nemus?
538 2131 640 2194 vestri
655 2130 767 2193 virtute
782 2130 898 2194 relatus

102 2237 387 2301 Thermodontiaoo
402 2236 530 2301 caelatus
545 2236 665 2299 balteus
680 2256 765 2313 auro,

105 2342 260 2425 Pomaque
276 2343 316 2406 ab
331 2342 464 2405 insomni
478 2340 560 2405 mule
575 2340 732 2405 custodita
746 2341 907 2406 dracone?

106 2446 175 2510 Neo
187 2447 261 2510 milri
275 2447 424 2510 Centauri
439 2448 567 2529 potuere
582 2446 733 2523 resistere,
749 2466 809 2509 neo
824 2445 867 2509 mi

107 2552 245 2615 Aroadiae
261 2562 395 2615 vastator
409 2572 501 2633 aper3
525 2572 585 2614 nee
600 2550 717 2633 proluit
732 2550 852 2633 Hydrae
1075 2556 1119 2621 55

107 2657 247 2721 Crescere
262 2678 318 2739 per
331 2658 491 2734 damnum,
506 2657 708 2739 geminasque
721 2676 879 2719 resumere
894 2656 996 2721 vires?

111 2763 211 2832 Quid?
233 2763 305 2826 oiim
320 2763 458 2825 Thracas
472 2782 579 2845 equos,
596 2761 734 2825 humano
749 2761 899 2843 sanguine
915 2760 1058 2845 pingues,

110 2868 257 2949 Plenaque
271 2867 450 2949 eorporibus
464 2866 571 2929 laoeris
587 2866 738 2949 praesepia
753 2866 827 2943 vidi,

111 2973 234 3054 Visaque
250 2972 360 3057 dejeci,
376 2972 598 3055 dominumque
612 2972 758 3054 ipsosque
774 2973 911 3053 peremi?

111 3078 164 3142 His
177 3076 246 3141 elisa
257 3079 341 3162 jaoet
355 3077 452 3141 moles
468 3076 620 3140 Nemeoea
634 3076 778 3140 lacertis?
1071 3080 1117 3145 60

113 3182 175 3247 Hac
187 3182 297 3247 ooelum
311 3183 431 3246 cerviae
447 3182 525 3245 tuli?
571 3181 702 3244 Defessa
713 3180 856 3266 jubendo
870 3192 919 3245 est

114 3290 194 3352 Sera
206 3286 289 3351 lovis
303 3288 434 3371 conjux:
459 3307 519 3369 ego
534 3306 602 3349 sum
618 3285 791 3349 indefessus
806 3288 939 3369 agendo.

115 3394 171 3457 Sed
184 3413 259 3455 nova
273 3392 368 3476 pestis
382 3393 481 3469 adest,
497 3392 549 3455 oui
564 3412 624 3455 neo
639 3391 752 3455 virtute
768 3392 878 3471 resisti,

116 3498 175 3561 Neo
187 3496 250 3561 telis
264 3497 395 3561 armisve
411 3506 523 3578 potest.
570 3496 772 3559 Pulmonibus
787 3508 868 3561 errat

118 3602 189 3686 lguis
201 3603 278 3666 edax
293 3601 373 3679 imis,
388 3622 506 3683 perque
521 3621 630 3665 omues
645 3601 781 3681 pasoitur
795 3612 889 3665 artus.
1068 3603 1113 3667 65
