2567 4209
160 298 223 361 116
437 292 556 343 OVID’S
577 294 909 345 METAMORPHOSES.

160 462 263 545 thue
279 462 391 542 solent,
407 465 539 547 sumptis
553 465 586 529 in
601 485 695 529 cursu
710 466 835 544 viribus,
852 465 896 529 ire

156 569 287 633 Pectore
303 570 335 633 in
349 590 437 634 arma
451 570 507 634 feri
522 581 737 654 praetentaque
753 570 815 635 tela
830 572 959 648 leones;

158 676 212 739 Sic
228 675 281 739 ubi
297 697 331 739 se
347 676 448 739 ventis
463 677 630 740 admiserat
646 678 732 739 unda
747 668 871 754 coortisss

156 780 227 844 Ibat
241 781 274 844 in
289 802 376 845 arma
392 782 475 859 ratis,
490 781 652 864 multoque
666 792 734 845 erat
748 781 838 845 altior
853 781 923 844 illis.
1135 784 1197 845 150

155 885 289 969 Jamque
304 886 412 951 labant
425 887 530 964 cunei,
545 887 738 970 spoliataque
754 887 892 970 tegmine
908 908 993 951 cerae

73 1036 77 1045 -
156 991 251 1055 Rima
265 1002 361 1076 patet,
377 992 557 1075 praebetque
573 993 655 1055 viam
671 991 812 1055 letalibus
828 992 931 1055 undis.

156 1096 241 1160 Ecce
256 1100 376 1161 cadunt
390 1096 467 1180 largi
482 1096 623 1161 resolutis
638 1098 774 1161 nubibus
788 1096 922 1174 imbres3

156 1201 256 1285 Inque
272 1202 384 1266 fretum
400 1204 510 1266 credas
526 1212 626 1265 totum
641 1202 835 1265 descendere
850 1200 976 1279 coelum,

156 1307 256 1389 Inque
272 1307 379 1391 plagas
393 1308 465 1371 coeli
480 1307 685 1371 tumefactum
700 1309 870 1370 ascendere
887 1316 1032 1389 pontum.
1130 1310 1193 1370 155

157 1413 236 1477 Vela
251 1416 379 1477 madent
394 1412 517 1492 nimbis,
532 1422 653 1477 etcum
669 1412 847 1475 coelcstibus
862 1412 955 1475 undis

156 1518 323 1601 AEquoreae
338 1519 509 1582 miscentur
522 1540 623 1601 aquae.
669 1518 764 1581 Caret
778 1517 901 1600 ignibus
916 1517 1025 1595 aether,

155 1622 311 1704 Caecaque
327 1643 389 1686 nox
405 1623 555 1703 premitur
569 1623 705 1687 tenebris
720 1622 892 1705 hiemisque
908 1623 1045 1705 suisque.

155 1726 335 1790 Discutiunt
350 1738 454 1789 tamen
471 1726 536 1805 bas,
552 1729 755 1811 praebentque
771 1728 918 1792 micantia
933 1727 1041 1791 lumen

155 1831 318 1897 Fulmina:
343 1832 500 1897 fulmineis
514 1835 685 1897 ardescunt
699 1832 822 1917 ignibus
838 1834 943 1896 undae.
1124 1835 1187 1897 160

155 1936 220 2002 Dat
233 1939 358 2022 qubque
370 1940 435 2024 jam
451 1939 546 2003 saltus
559 1939 641 2003 intra
656 1960 733 2003 cava
748 1950 834 2003 terta
848 1939 962 2003 carinas

155 2043 301 2123 Fluctus3
325 2056 368 2123 et,
384 2055 419 2109 ut
433 2044 531 2123 miles,
547 2066 679 2108 numero
694 2044 889 2129 praestantior
903 2034 999 2121 omni,

155 2149 237 2212 Cirm
252 2171 336 2232 saepe
351 2150 478 2214 adsiluit
492 2150 631 2214 delensoe
648 2150 803 2213 moenibus
819 2149 913 2226 urbis,

157 2256 222 2335 Spe
238 2255 354 2335 potitur
369 2255 507 2332 tandem,
524 2255 687 2338 laudisque
703 2276 854 2319 accensus
869 2276 974 2319 amore

155 2358 241 2421 Inter
255 2357 339 2421 mille
355 2358 446 2436 viros,
461 2381 585 2423 murum
600 2371 706 2424 tarnen
721 2370 857 2442 occupet
872 2381 972 2438 unus;
1120 2362 1185 2424 165

156 2463 211 2526 Sic
227 2462 280 2527 ubi
296 2462 458 2545 pulsrirunt
471 2485 559 2527 acres
574 2464 670 2528 latera
685 2465 782 2529 ardua
797 2465 920 2543 fluctus,

155 2567 280 2633 Vastiris
295 2570 458 2652 insurgens
472 2569 604 2634 decimae
619 2571 681 2633 ruit
696 2570 831 2653 impetus
846 2571 958 2633 undar:

156 2675 227 2738 Nec
242 2676 324 2758 priirs
339 2675 459 2739 absistit
473 2676 586 2738 lessam
601 2696 783 2757 oppugnare
799 2675 947 2753 carinam,

157 2780 264 2849 Quam
280 2779 412 2842 velutin
428 2791 528 2862 eaptae
544 2780 716 2845 descendat
731 2780 847 2843 moenia
862 2780 959 2844 navis.

156 2884 231 2947 Pars
246 2885 338 2967 igitur
354 2884 496 2948 tentabat
510 2885 615 2949 adhuc
629 2885 776 2950 invadere
793 2886 911 2968 pinum,
1119 2890 1183 2951 170

155 2988 231 3053 Pars
245 2989 337 3053 maris
351 2988 436 3052 intus
450 2999 527 3052 erat.
573 2990 749 3073 Trepidant
764 2991 849 3053 baud
864 2991 965 3053 secius
980 3009 1105 3070 omnes,

156 3097 265 3166 Quem
280 3094 357 3159 solet
373 3094 455 3173 urbs,
467 3094 539 3159 aliis
553 3116 676 3157 murum
693 3094 882 3159 fodientibus
897 3096 995 3172 extri,

157 3202 262 3283 Atque
276 3201 345 3264 aliis
359 3223 492 3279 murum,
509 3200 674 3283 trepidare,
690 3200 867 3263 tenentibus
882 3200 978 3263 intus.

156 3305 271 3369 Deficit
285 3327 345 3382 ars,
360 3306 518 3388 animique
533 3306 671 3382 cadunt;
695 3305 887 3386 totidemque
903 3304 1059 3383 videntur,

156 3410 247 3478 Quot
262 3410 389 3471 veniant
404 3409 527 3485 fluctus,
544 3428 632 3471 ruere
648 3418 743 3491 atque
759 3409 927 3491 irrumpere
943 3420 1070 3473 mortes.
1120 3415 1181 3475 115

156 3512 189 3574 N
190 3534 232 3573 on
247 3520 335 3573 tenet
349 3511 402 3573 bic
416 3510 585 3591 lacrymas:
610 3522 715 3592 stupet
731 3512 799 3575 hic:
824 3523 916 3575 vocat
931 3512 982 3576 ille
997 3514 1122 3594 beatos,

156 3614 281 3676 Funera
296 3632 373 3692 quos
388 3623 554 3675 maneant:
579 3612 630 3675 hic
645 3614 725 3676 votis
740 3635 856 3677 numen
872 3617 991 3693 adorat,

157 3715 349 3796 Brachiaque
364 3716 405 3778 ad
421 3714 546 3792 ciclum,
561 3716 647 3796 quod
661 3736 724 3779 non
740 3718 835 3794 videt,
851 3718 936 3781 irrita
951 3718 1064 3785 tollens
