2567 4209
182 274 226 337 ῃ
459 267 579 321 ov1o¹s
600 269 935 321 marsuomuosas.

182 434 319 503 Exorata
334 446 449 516 mmen,
465 458 535 515 nec,
552 449 587 501 ut
602 438 682 516 haeo,
697 439 843 504 exterrita
857 440 977 522 nupsi?
1154 446 1205 506 255

181 537 286 605 Dixit:
310 550 352 620 at,
368 540 400 603 in
415 550 518 623 partes
533 540 670 605 diversas
684 541 811 606 brachia
825 544 973 621 tendens,

182 642 320 709 Obstitit.
366 642 464 709 Haud
479 642 558 707 ultra
573 644 675 707 tenuit
690 644 855 715 Saturnius
868 645 967 708 iram:

182 746 412 832 Terribilesque
428 748 567 812 hortatus
582 768 691 831 equos,
706 748 739 811 in
753 748 883 831 gurgitis
897 750 965 813 ima

182 850 367 916 Contortum
382 852 486 916 valido
500 863 658 934 sceptrum
673 852 776 935 regale
791 853 907 917 lacerto

182 956 342 1021 Condidit.
387 955 455 1021 Icta
470 957 552 1019 viam
567 956 658 1020 tellus
672 957 705 1019 in
720 958 852 1021 Tartara
866 957 952 1036 fecit,
1152 964 1207 1026 mo

183 1060 224 1125 Et
238 1081 352 1144 pronos
368 1082 475 1125 currus
490 1061 595 1125 medio
609 1072 728 1125 cratere
744 1062 872 1145 recepit.

182 1166 226 1231 At
241 1166 360 1251 Cyane,
377 1178 557 1249 raptamque
572 1167 664 1229 deam
680 1177 922 1250 contemptaque
938 1167 1041 1231 sontis

181 1269 258 1335 Jura
272 1270 320 1335 sui
334 1292 479 1349 moerens,
495 1270 717 1335 inconsolabile
733 1271 845 1335 vulnus

181 1376 293 1441 Mente
307 1376 387 1460 gerit
401 1376 506 1454 taciti,
522 1374 726 1458 lacrymisque
740 1376 911 1439 absumitur
925 1376 1054 1440 omnis:

182 1481 233 1557 Et,
249 1501 379 1563 quarum
396 1480 496 1543 suerat
511 1500 659 1562 magnum
674 1480 769 1543 modo
784 1502 911 1555 numen,
927 1481 959 1543 in
974 1480 1047 1545 illas
1149 1487 1207 1548 265

182 1582 377 1647 Extenuatur
391 1604 497 1665 aquas.
544 1584 658 1648 Molliri
673 1584 813 1647 membra
827 1585 965 1649 videres:

180 1686 261 1751 Ossa
276 1687 340 1770 pati
355 1688 471 1751 flexus:
497 1708 617 1770 ungues
633 1688 771 1770 posuisse
786 1689 935 1771 rigorem:

180 1792 343 1876 Primaque
361 1794 400 1857 de
416 1792 483 1856 toti
498 1794 678 1855 tenuissima
692 1814 825 1876 quaeque
841 1794 1028 1876 liquescunt,

179 1897 313 1963 Carulei
328 1898 439 1978 crines,
455 1898 615 1980 digitique,
631 1907 778 1975 aterum,
795 1898 968 1980 pedesque:

181 2004 264 2069 Nam
280 2004 381 2068 brevis
395 2003 427 2068 in
443 2003 560 2087 gelidas
576 2002 722 2065 membris
736 2001 866 2064 exilibus
880 2004 981 2066 undas
1144 2012 1205 2071 2¹10

179 2106 344 2171 Transitus
360 2118 417 2171 ast.
463 2107 539 2171 Post
553 2106 622 2169 haeo
637 2117 819 2188 tergumque
834 2104 1016 2190 humerique
1031 2108 1183 2195 latusque

179 2210 372 2293 Pectoraque
388 2212 418 2275 in
436 2222 545 2275 tenues
559 2212 678 2275 abeunt
691 2210 824 2274 evanida
839 2211 929 2274 rivos.

179 2312 324 2397 Denique
340 2335 398 2398 pro
412 2315 483 2380 vivo
498 2315 618 2379 vitiatas
634 2315 785 2398 sanguine
799 2336 895 2379 venas

179 2417 324 2501 Lympha
339 2419 435 2483 subit:
461 2430 616 2503 restatque
632 2419 718 2496 nihil,
734 2419 818 2501 quod
834 2421 985 2501 prendere
1000 2424 1119 2504 possis.

379 2670 481 2712 GERES
507 2668 673 2712 SBARCHES
698 2668 763 2709 FOR
786 2667 1001 2710 mosamius.
1037 2675 1044 2681 “

223 2837 346 2899 Interea
361 2838 482 2920 pavidae
499 2838 704 2920 nequicquam
721 2837 783 2901 filia
796 2838 887 2901 matri
1136 2847 1202 2908 275

179 2940 333 3005 Omnibus
348 2952 396 3005 est
411 2942 509 3019 terris,
525 2943 611 3006 ornni
625 2942 754 3025 quaesita
769 2943 936 3025 profundo.

178 3045 266 3111 Illam
283 3069 345 3112 non
362 3048 459 3112 rutilis
476 3047 603 3111 veniens
619 3046 741 3109 Aurora
755 3046 873 3129 capillis

177 3152 361 3216 Cessantem
376 3154 462 3231 vidit,
479 3176 542 3217 non
558 3153 737 3233 Hesperus:
762 3150 814 3214 illa
829 3150 951 3215 duabus

177 3255 377 3320 Flammiferi
391 3257 483 3338 pinus
499 3258 641 3320 manibus
657 3256 819 3319 succendit
832 3255 874 3317 ab
890 3254 997 3333 AEtnri,

177 3359 297 3441 Parque
314 3359 476 3441 pruinosas
491 3360 561 3422 tulit
576 3360 740 3442 irrequieta
756 3359 910 3424 tenebras.
1133 3366 1200 3429 280

177 3463 307 3540 Rursus,
324 3472 360 3524 ut
373 3461 455 3525 alma
471 3463 536 3525 dies
552 3463 714 3527 hebetarat
728 3464 839 3540 sidera,
855 3475 961 3527 natam

178 3566 259 3633 Solis
274 3568 314 3631 ad
331 3588 487 3645 occasum,
504 3566 574 3630 solis
591 3567 750 3648 quaerebat
764 3566 805 3628 ab
820 3576 901 3630 ortu.

176 3672 272 3737 Fessa
286 3672 391 3734 labore
407 3669 488 3731 sitim
504 3670 680 3749 collegerat,
696 3689 810 3748 oraque
827 3668 903 3731 nulli
