2567 4209
546 326 646 379 BOOK
668 328 715 379 xl.
1084 334 1146 397 119

103 492 214 558 Muta
229 496 317 579 quies
332 497 460 563 habitat.
507 500 593 564 Saxo
608 511 714 565 tamen
730 502 795 566 erit
809 501 850 565 ab
866 501 931 565 imo

106 600 221 665 Rivus
235 624 326 687 aquae
341 604 469 684 Lethes,
485 627 650 689 perquem
666 628 739 671 cum
755 628 912 670 murmure
929 606 1038 669 labens
1081 610 1147 670 240

109 706 236 771 Invitat
251 731 377 773 somnos
392 711 615 794 crepitantibus
630 715 717 776 unda
732 711 854 795 lapillis.

111 811 206 877 Ante
222 814 304 877 fores
319 816 399 879 antri
419 818 555 882 secunda
576 838 734 901 papavera·
747 818 869 895 florent,

112 916 360 1003 Innumeraeque
377 921 491 1001 herbae,
507 944 639 1005 quarum
655 923 695 987 de
711 923 791 987 lacte
807 944 952 1005 soporem

113 1024 194 1086 Nox
209 1024 295 1107 legit,
311 1037 343 1089 et
358 1028 475 1111 spargit
490 1049 546 1111 per
561 1050 675 1111 opacas
692 1029 820 1093 humida
835 1039 941 1093 terras.

113 1129 232 1207 Janua,
248 1152 320 1213 quae
334 1154 425 1196 verso
440 1134 602 1197 stridorem
618 1134 746 1197 cardine
762 1135 883 1212 reddat,
1078 1138 1143 1200 245

114 1235 216 1298 Nulla
231 1238 327 1300 domo
342 1238 416 1316 tota,
433 1248 538 1302 custos
553 1239 584 1302 in
601 1239 709 1302 limine
726 1238 838 1303 nullus.

116 1341 165 1403 At
179 1343 285 1405 medio
300 1353 385 1407 torus
399 1354 457 1421 est,
474 1344 576 1407 ebeno
591 1343 730 1407 sublimis
746 1344 778 1407 in
794 1345 872 1423 atra,

116 1446 277 1525 Plumeus,
294 1448 445 1526 unicolor,
461 1449 547 1531 pullo
562 1449 715 1513 velamine
731 1460 852 1527 tectus3

117 1553 196 1621 Quo
211 1552 306 1616 cubat
320 1554 387 1636 ipse
404 1556 492 1632 deus,
508 1555 655 1618 membris
671 1555 820 1638 languore
837 1555 955 1619 solutis.

116 1658 216 1722 Hunc
231 1658 314 1722 circa
329 1659 454 1741 passim,
472 1660 571 1723 varias
587 1660 741 1724 imitantia
756 1661 881 1740 formas,
1077 1667 1143 1727 250

118 1764 250 1827 Somnia
265 1786 345 1827 vana
356 1766 463 1850 jacent
478 1766 620 1843 totidem,
636 1778 713 1849 quot
728 1768 836 1830 messit
852 1768 972 1845 aristas,

118 1870 206 1934 Silva
219 1870 298 1952 gerit
313 1870 449 1948 frondes,
464 1872 581 1956 ejectas
597 1872 669 1933 litus
685 1892 804 1935 arenas.

165 1976 239 2045 Quo
255 1976 347 2039 simul
363 1977 498 2053 intravit,
514 1976 720 2058 manibusque
736 1975 892 2039 obstantia
908 1976 995 2059 virgo

119 2082 250 2145 Somnia
264 2081 405 2160 dimovit,
422 2081 517 2148 vestis
533 2080 652 2163 fulgore
668 2080 781 2144 reluxit

119 2189 217 2251 Sacra
232 2190 363 2265 domus3
387 2189 538 2271 tardaque
553 2188 632 2250 deus
647 2187 798 2271 gravitate
811 2188 953 2272 jacentes
1076 2191 1143 2251 255

118 2294 180 2357 Vix
191 2294 297 2358 oculos
313 2293 435 2371 tollens,
451 2294 625 2377 iterumque
636 2293 815 2376 iterumque
831 2292 985 2372 relabens,

119 2402 312 2483 Summaque
328 2400 505 2481 percutiens
521 2400 643 2463 nutanti
660 2409 787 2482 pectora
802 2410 921 2477 mento,

118 2505 263 2568 Excussit
278 2507 406 2569 tandem
423 2504 480 2567 sibi
496 2525 540 2581 se,
557 2505 724 2586 cubitoque
740 2503 870 2581 levatus

119 2610 208 2679 Quid
225 2610 338 2685 veniat,
357 2608 522 2696 (cognorat
537 2607 637 2693 enim)
655 2608 792 2671 scitatur.
839 2608 883 2670 At
899 2607 967 2671 itta:

119 2716 268 2792 ‘Somne‚
283 2715 373 2797 quies
387 2734 501 2790 rerum,
518 2712 736 2795 placidissime,
755 2714 883 2789 Somne,
900 2714 1042 2790 deorum,
1077 2716 1142 2777 260

118 2822 182 2885 Pax
198 2821 304 2898 animi,
320 2840 414 2903 quem
430 2840 505 2883 cura
520 2819 610 2901 sugit,
626 2819 680 2901 qui
695 2819 790 2883 corda
806 2818 925 2882 diurnis

118 2926 213 2989 Fessa
228 2926 405 2989 ministeriis
420 2925 548 3002 mulces,
565 2946 750 3008 reparasque
768 2923 875 3002 labori,

121 3030 259 3108 Somnia,
274 3051 345 3113 quae
362 3051 449 3093 veras
464 3040 591 3112 aequent
606 3030 777 3093 imitamine
793 3030 918 3106 sormaS,

120 3135 276 3199 Herculea
291 3135 448 3198 Trachine
460 3135 547 3220 jube,
563 3134 622 3197 sub
637 3134 773 3215 irnagine
789 3134 880 3215 regis,

119 3240 304 3324 Halcyonen
319 3242 445 3317 adeant,
462 3239 688 3322 simulacraque
705 3237 855 3319 naufraga
870 3237 1000 3320 fingant.
1077 3242 1142 3303 265

119 3346 255 3430 Imperat
269 3345 330 3409 hoc
344 3344 450 3409 Juno.’
497 3344 667 3427 Postquam
682 3343 831 3407 mandata
846 3344 967 3427 peregit

120 3452 184 3530 Iris,
200 3452 282 3515 abit:
307 3450 510 3534 nequeenim
525 3450 652 3513 ulterius
669 3449 800 3513 tolerare
816 3450 938 3531 vaporis

120 3557 190 3621 Vim
205 3567 336 3640 poterat.
383 3556 523 3637 Labique
539 3566 574 3617 ut
589 3576 735 3617 somnum
750 3554 846 3617 sensit
861 3553 893 3615 in
909 3566 1005 3633 artus,

122 3661 246 3747 Effugit,
261 3672 295 3725 et
308 3671 427 3725 remeat
441 3681 497 3742 per
512 3680 591 3742 quos
606 3658 701 3721 modo
717 3669 845 3721 venerat
859 3677 960 3721 arcus.

164 3769 207 3834 At
220 3777 309 3851 pater
323 3788 342 3831 e
357 3764 476 3849 populo
490 3773 634 3827 natorum
649 3761 733 3825 mille
749 3780 876 3823 suorum
1076 3763 1141 3821 270
