2567 4209
532 330 630 380 BOOK
653 330 699 379 tv.

103 498 200 582 Rege
216 498 275 562 sub
291 498 361 577 hoc,
379 510 411 564 et
426 509 539 583 pontus
555 510 630 579 erat,
647 500 700 582 qui
715 500 788 563 solis
803 499 923 563 anhelis

105 606 250 689 AEquora
265 607 369 670 subdit
383 608 480 691 equiS,
496 618 529 672 et
544 609 640 672 sessos
656 609 772 691 excipit
786 628 871 671 axes.

104 711 198 775 Mille
213 733 323 795 greges
338 712 391 791 illi,
407 714 599 796 totidemque
615 723 756 777 armenta
771 734 827 795 per
841 711 952 775 herbas

106 816 273 894 Errabant,
290 827 323 879 ct
337 817 467 880 humum
483 818 596 881 vicinia
611 818 697 881 nulla
712 817 905 900 premebant.

105 921 259 985 Arboreae
276 921 411 999 frondes,
427 943 503 985 auro
518 923 660 986 radiante
676 923 822 999 virentes,
1064 925 1129 987 280

105 1025 158 1088 Ex
173 1047 250 1088 auro
265 1047 376 1104 ramoS,
392 1047 430 1089 ex
446 1048 522 1089 auro
537 1048 631 1110 poma
646 1028 804 1109 tegebant.

106 1130 275 1213 ‘Hospes'
291 1131 335 1193 ait
350 1131 480 1194 Perseus
495 1131 548 1209 illi,
566 1141 640 1195 ‘seu
656 1132 754 1215 gloria
769 1132 872 1214 tangit

104 1236 159 1298 Te
174 1235 297 1317 generis
312 1236 436 1317 magni3
459 1238 581 1319 generis
597 1237 673 1299 mihi
688 1235 810 1319 Jupiter
825 1248 951 1301 auctor:

108 1344 186 1407 Sive
201 1364 235 1405 es
250 1343 378 1405 mirator
393 1365 514 1422 rerum3
538 1345 689 1407 mirabere
704 1354 834 1407 nostras.

108 1446 290 1529 Hospitium
306 1447 506 1530 requiemque
523 1448 617 1530 peto!
665 1448 789 1512 Memor
803 1448 854 1511 ille
870 1458 1001 1511 vetustae
1065 1450 1130 1511 285

109 1552 210 1615 Sortis
226 1562 309 1615 erat:
338 1553 482 1641 (Themis
497 1553 579 1615 hanc
595 1554 725 1615 dederat
740 1552 903 1616 Parnassia
918 1551 1047 1638 sortem)

109 1666 117 1695 ‘
132 1658 284 1739 Tempus,
302 1656 385 1735 Atla,
402 1658 516 1734 veniet,
533 1668 587 1721 tua
602 1679 665 1740 quo
681 1658 863 1741 spoliabitur
877 1680 955 1722 auro

107 1761 222 1840 Arbor,
239 1761 370 1825 et-hunc
385 1764 499 1843 praedae
516 1762 640 1825 titulum
655 1761 840 1827 Jove-natus
856 1761 1003 1826 habebit!

107 1867 149 1930 Id
165 1877 317 1944 metuens,
334 1867 438 1930 solidis
454 1868 591 1948 pomaria
606 1867 759 1930 clauserat
774 1867 863 1930 Atlas

110 1970 280 2049 Moenibus,
297 1980 329 2035 et
344 1981 430 2035 vasto
446 1972 576 2034 dederat
592 1972 744 2033 servanda
758 1971 905 2048 draconi3
1066 1974 1131 2035 290

109 2077 308 2158 Arcebatque
324 2078 386 2140 suis
403 2088 547 2139 externos
564 2076 676 2139 finibus
692 2098 810 2140 omnes.

109 2180 198 2245 Huic
213 2203 347 2264 quoque,
366 2181 476 2246 ‘Vade
493 2181 609 2264 procul,
627 2202 668 2243 ne
683 2181 775 2264 longe
791 2182 887 2265 gloria
903 2202 1016 2260 rerum,

110 2288 202 2356 Quas
217 2287 376 2364 mentiris,'
393 2289 445 2365 ait,
464 2288 574 2369 ‘longe
591 2287 646 2351 tibi
662 2285 783 2369 Jupiter
797 2288 898 2351 absit.'

108 2392 245 2473 Vimque
261 2392 353 2454 minis
369 2392 465 2469 addit,
482 2391 661 2473 foribusque
677 2391 830 2474 expellere
847 2402 948 2456 tentat

109 2496 332 2572 Cunctantem,
349 2507 381 2558 et
395 2496 524 2578 placidis
539 2497 722 2559 miscentem
739 2496 829 2561 fortia
844 2498 945 2561 dictis.
1065 2502 1131 2563 295

111 2601 237 2666 Viribus
253 2602 387 2679 inferior,
406 2601 488 2689 (quis
504 2603 587 2664 enim
604 2623 661 2683 par
675 2613 758 2664 esset
772 2601 892 2665 Atlanti

111 2706 237 2770 Viribus
245 2704 273 2791 ?)
322 2706 385 2768 ‘At
401 2706 547 2788 quoniam
563 2706 650 2788 parvi
666 2706 720 2768 tibi
735 2707 832 2789 gratia
849 2719 954 2771 nostra
968 2717 1033 2784 est3

110 2810 231 2892 Accipe
246 2812 380 2888 munus,’
397 2811 459 2887 ait3
483 2810 624 2893 laevhque
639 2833 659 2873 a
674 2823 762 2893 parte
778 2812 922 2874 Medusae

109 2916 183 2998 Ipse
199 2924 386 2978 retroversus
402 2915 584 2998 squallentia
600 2917 737 2998 prodidit
752 2938 816 2979 ora.

110 3022 260 3090 Quantus
276 3029 353 3097 erat,
368 3041 458 3083 mons
474 3020 575 3083 lactus
591 3019 691 3082 Atlas.
737 3018 808 3082 Jam
822 3020 919 3083 barba
933 3043 1095 3103 comaeque

109 3126 148 3189 In
165 3124 257 3188 silvas
272 3124 410 3201 abeunt;
430 3126 506 3210 juga
522 3134 595 3187 sunt
611 3124 792 3204 humerique
807 3144 991 3206 manusque.
1066 3130 1129 3191 301

111 3230 210 3299 Quod
226 3240 322 3311 caput
337 3230 409 3292 ante
427 3229 494 3307 fuit,
512 3249 634 3291 summo
649 3228 743 3290 estin
759 3238 865 3291 monte
881 3249 1043 3293 cacumen.

110 3331 190 3393 Ossa
206 3330 285 3411 lapis
301 3330 389 3392 liunt.
436 3331 519 3393 Tum
537 3341 639 3412 partes
656 3341 766 3393 auctus
782 3329 814 3392 in
830 3351 940 3395 omnes
973 3383 976 3390 .

110 3435 216 3498 Crevit
230 3435 263 3497 in
280 3435 476 3513 immensum,
496 3435 555 3524 (sic
571 3435 604 3499 di
619 3436 782 3522 statuistis)
799 3445 832 3499 et
847 3458 941 3500 omne

112 3539 190 3605 Cum
207 3550 255 3605 tot
271 3539 422 3603 sideribus
439 3540 552 3604 coelum
569 3540 720 3622 requievit
734 3540 766 3602 in
781 3540 843 3603 illo.
1066 3545 1132 3606 305

379 3648 400 3708 6
