2567 4209
157 301 202 365 34
436 292 555 343 ovlos
578 290 907 349 uersuomfloses.

158 462 309 547 Quidque
325 472 398 547 egat
412 462 548 545 ignarus,
564 470 688 543 stupet:
711 470 745 523 et
760 482 821 523 nee
837 460 934 524 nent
948 459 1099 539 remittit,
1134 463 1207 526 190

158 566 229 631 Neo
244 567 376 633 retinere
392 566 492 645 valet3
516 586 576 631 nee
591 566 718 629 nornine
733 566 820 629 novit
834 586 998 648 equorum.

159 670 275 755 Sparsa
288 692 413 755 quoque
428 670 461 733 in
477 670 562 733 vario
577 670 692 753 passim
708 669 857 732 miracula
871 668 963 746 ooelo,
1051 672 1055 675 ’

160 774 385 858 vastarumque
401 775 487 839 videt
502 774 641 857 trepidus
656 774 821 837 simulacra
836 773 982 837 feretum.

341 1000 521 1067 susianen
543 1024 756 1065 srrnoscnns
780 1024 848 1065 rar:
876 1020 998 1065 usare.

204 1196 262 1260 Est
276 1196 373 1275 loeus,
389 1198 421 1261 in
436 1198 577 1281 geminos
593 1195 647 1259 ubi
662 1194 790 1259 brachia
803 1204 956 1258 condam
968 1214 1067 1256 ererrs

160 1302 318 1385 Scorpios,
333 1313 366 1365 et
380 1303 483 1366 caude
497 1302 645 1385 flexisque
661 1300 806 1381 utrinque
821 1298 943 1361 leoertis
1123 1300 1193 1363 195

159 1404 292 1489 Porrigit
306 1407 339 1469 in
355 1407 489 1489 spatium
504 1407 662 1489 signorum
677 1405 816 1467 membra
831 1404 974 1465 duorum.

118 1522 121 1529 ’
159 1508 258 1573 Hune
272 1530 350 1592 puer
365 1519 400 1571 ut
415 1509 495 1590 nigri
510 1509 671 1573 madidum
687 1508 800 1571 sudore
815 1505 929 1569 veneni

160 1612 299 1675 Vulnera
314 1613 442 1676 curvati
456 1612 653 1675 minitantem
668 1613 797 1695 cuspide
813 1612 903 1688 vidit,

161 1714 279 1780 Mentis
295 1717 395 1798 inops,
411 1716 515 1799 gelida
530 1716 695 1780 formidine
710 1717 776 1780 lora
790 1715 917 1780 remisit.
1273 1801 1274 1808 ἵ

162 1820 246 1891 Quae
262 1832 426 1904 postquam
442 1842 597 1885 summum
613 1822 743 1903 tetigere
755 1820 892 1905 jacentia
907 1829 1040 1901 tergum,
1118 1823 1190 1885 200

161 1924 383 2009 Exspatientur
398 1926 481 2009 equi,
500 1926 649 2011 nulloque
668 1924 839 2002 inhibente,
855 1944 910 2005 per
924 1944 1016 1986 auras

161 2028 282 2113 lgnotoe
297 2032 432 2113 regionis
447 2040 545 2109 eunt3
569 2030 693 2112 quique
708 2028 842 2111 impetus
857 2028 932 2110 egit,

161 2132 234 2197 Hac
249 2135 316 2197 sine
331 2135 400 2215 lege
416 2145 524 2197 ruunt:
549 2134 674 2215 altoque
691 2133 749 2197 sub
763 2133 880 2196 aethere
895 2132 965 2195 fixis

161 2236 326 2301 Incursont
341 2236 446 2317 stellis,
462 2237 648 2319 rapiuntque
664 2259 720 2320 per
733 2238 804 2301 avia
817 2258 952 2301 currum.

161 2340 204 2403 Et
219 2341 313 2403 modb
328 2362 451 2404 summa
464 2351 586 2424 petunt,
602 2342 698 2405 modo
713 2363 769 2424 per
784 2341 905 2405 decliva
920 2342 1047 2423 viasque
1120 2345 1190 2406 2⁰5

36 2532 43 2537 „
162 2444 341 2527 Praecipites
358 2446 458 2528 spatio
473 2456 563 2508 terrae
579 2446 722 2529 propiore
737 2446 888 2509 seruntur.

162 2548 355 2632 Inferiirsque
371 2549 433 2612 suis
450 2550 601 2614 fraternos
616 2572 738 2615 currere
754 2550 847 2614 Luna

162 2653 342 2719 Admiratur
358 2677 473 2739 equos:
497 2656 702 2739 ambustaque
717 2654 824 2719 nubila
839 2655 971 2719 fumant.

162 2758 335 2842 Corripitur
349 2761 491 2839 flammis,
508 2772 544 2824 ut
559 2782 692 2844 quaeque
707 2760 865 2837 altissime,
882 2759 993 2839 tellus3

161 2862 309 2945 Fissaque
324 2864 389 2945 agit
404 2864 506 2942 rimas,
523 2874 555 2927 et
570 2866 671 2929 suecis
684 2874 753 2929 aret
764 2866 931 2948 ademptis
1119 2869 1190 2932 alo

162 2969 281 3034 Pabula
295 2986 486 3049 canescunt;
510 2993 582 3036 oum
598 2972 759 3036 frondibus
774 2974 873 3037 uritur
887 2973 997 3037 arbos:

162 3074 389 3159 Materiemque
405 3098 462 3140 suo
477 3078 596 3159 prebet
612 3100 701 3160 seges
715 3078 803 3142 arida
818 3080 944 3142 damno.

162 3177 262 3242 Parve
276 3202 397 3263 queror.
443 3181 571 3265 Magnae
587 3193 721 3265 pereunt
736 3204 809 3273 eum
824 3182 979 3246 moenibus
994 3180 1107 3259 urbes;

162 3280 305 3364 Cumque
321 3284 383 3347 suis
400 3297 479 3347 totas
495 3286 780 3367 populisinoendie
795 3298 907 3370 gentes

162 3387 200 3451 ln
218 3386 354 3451 cinerem
371 3397 505 3452 vertunt.
553 3389 647 3451 Silvae
663 3410 736 3453 eum
751 3392 910 3454 montibus
923 3392 1047 3454 ardent.
1119 3394 1186 3456 215

163 3488 264 3553 Ardet
279 3491 390 3568 Athos,
408 3492 592 3574 Taurusque
608 3492 699 3572 Cilix,
715 3506 747 3557 et
763 3495 904 3573 Tmolus,
920 3506 954 3558 et
968 3494 1066 3573 OEte;

163 3592 206 3657 Et
221 3614 307 3658 nuno
322 3596 414 3672 sicca,
428 3596 513 3677 priris
529 3598 730 3662 celeberrima
745 3600 893 3677 sontibus,
910 3601 986 3677 lde;

164 3696 390 3779 Virgineusque
406 3698 552 3777 Helicon,
568 3710 601 3763 et
616 3703 757 3769 nondum
774 3703 922 3783 OEegrius
936 3701 1078 3768 Haemoe.
