2567 4209
523 316 622 369 ⁸0⁰ss
645 286 703 373 XV·
1067 320 1129 383 157

77 484 193 555 Quid
209 464 307 563 deus3
331 486 416 552 unde
431 485 540 565 nives3
562 507 635 569 qun
650 485 788 553 fulminis
803 496 886 553 esset
901 486 1009 569 orig03
1088 488 1129 550 10

76 588 235 675 Jupiter,
250 612 292 655 an
308 590 402 669 venti,
418 591 559 659 discussi
573 591 657 657 nube
673 600 837 671 tonarent3

26 726 29 729 ’
81 695 193 764 Quid
209 706 353 779 quateret
366 706 482 775 terras3
505 697 569 780 qui
582 696 685 763 sidera
700 696 769 780 lege
784 706 947 776 mearent3

81 798 146 865 Et
160 802 370 884 quodcunque
384 801 471 868 latet.
517 802 700 885 Primusque
715 802 861 871 anitnulia
875 801 992 870 mensis

84 905 214 970 Arcuit
229 906 366 989 imponi:
389 907 509 990 primus
523 907 648 991 queqae
665 906 777 977 talibus
792 929 847 972 ora

84 1010 206 1075 Docta
220 1010 348 1094 quidem
363 1011 466 1091 solvit,
481 1014 538 1078 sed
553 1033 617 1078 non
633 1023 666 1076 et
681 1013 809 1091 credite,
825 1012 946 1079 verbis:
1088 1016 1127 1082 15

88 1126 100 1154 ‘
117 1116 255 1195 Parcite,
271 1117 428 1195 mortales,
444 1118 578 1200 dapibus
592 1129 743 1183 temerare
759 1118 905 1183 nefandis

88 1222 252 1305 Corpora.
299 1223 382 1302 Sunt
396 1222 511 1305 fruges,
527 1233 601 1287 sunt
615 1223 806 1287 deducentia
821 1244 924 1287 ramos

89 1326 245 1392 Pondere
261 1348 356 1410 poma
370 1349 437 1405 siro,
454 1328 646 1411 turnidaeque
661 1328 695 1391 in
711 1328 823 1393 vitibus
838 1349 927 1393 uvae:

93 1432 188 1495 Sunt
202 1432 307 1498 herbne
322 1432 447 1498 dulces:
472 1443 555 1512 sunt,
571 1445 642 1515 quas
658 1434 820 1499 mitescere
835 1434 972 1513 sturnini,

92 1536 280 1619 Mollirique
295 1549 423 1620 queant.
468 1539 540 1606 Nee
557 1538 642 1603 vobis
657 1538 776 1606 lacteus
791 1539 903 1605 humor
1040 1584 1045 1595 -
1083 1542 1127 1607 20

94 1642 250 1724 Eripitur‚
266 1663 327 1707 nee
341 1642 435 1712 mella
450 1644 548 1727 thymi
563 1644 736 1711 redolentia
751 1645 870 1711 florem.

94 1747 237 1830 Prodiga
251 1748 384 1826 divitias,
399 1748 609 1832 alimentaque
623 1749 713 1816 mitia
728 1749 819 1813 tellus

97 1853 262 1935 Suggerit,
277 1862 371 1935 etque
386 1854 496 1936 epulas
510 1854 578 1923 sine
593 1855 682 1918 oaede
698 1864 731 1921 et
745 1854 895 1937 sanguine
912 1855 1042 1937 prebet.

95 1957 206 2021 Cerne
221 1958 296 2021 ferae
311 1960 424 2025 sedant
433 1959 570 2043 jejunia:
595 1980 656 2027 neo
672 1970 777 2023 temen
793 1980 912 2023 omnes.

99 2062 233 2146 Quippe
248 2085 358 2146 equm,
370 2074 402 2127 et
418 2064 566 2147 pecudes,
578 2073 783 2145 armentaque
797 2064 937 2146 grmnine
951 2065 1070 2129 vivunt.
1083 2067 1128 2127 25

98 2168 148 2232 At
162 2169 274 2251 quibus
288 2170 450 2252 ingenium
464 2180 513 2233 est
527 2170 831 2252 immansuetumque
848 2170 1021 2253 ferumque,

98 2271 323 2355 Armeniaque
339 2273 443 2356 tigres,
458 2272 663 2356 iracundique
679 2271 796 2352 leones,

99 2376 247 2459 Cumque
261 2376 342 2461 lupis
357 2378 429 2456 ursi,
444 2378 576 2461 dapibus
591 2400 665 2445 eum
680 2378 831 2461 sanguine
846 2380 997 2463 gaudent.

100 2483 177 2547 Heu
193 2495 344 2565 quantum
359 2484 461 2547 scelus
475 2495 533 2561 est,
548 2485 581 2547 in
597 2484 715 2553 viscere
729 2484 849 2550 viscere
863 2484 969 2563 condi,

100 2588 324 2672 Congestoque
338 2588 466 2654 avidum
482 2588 686 2671 pinguescere
702 2610 831 2671 eorpore
847 2610 979 2672 eorpus3
1082 2594 1127 2655 30

104 2694 301 2777 Alteriusque
316 2694 508 2764 animantem
524 2693 692 2761 animantis
708 2693 811 2759 vivere
826 2694 907 2763 leto!

104 2798 232 2863 Scilioet
246 2799 279 2862 in
295 2800 388 2869 tantis
403 2798 525 2882 opibus,
540 2820 618 2887 quas
633 2800 752 2882 optime
766 2810 901 2869 matrum

103 2904 203 2973 Terra
218 2904 307 2986 perit,
324 2904 367 2967 nil
383 2915 414 2968 te
430 2904 489 2972 uisi
504 2904 601 2978 tristia
615 2906 765 2972 mandere
781 2927 866 2977 suevo
974 2940 977 2949 ·

104 3008 242 3072 Vulnera
257 3009 352 3072 dente
364 3010 463 3094 juvat,
479 3010 617 3091 ritusque
632 3010 747 3083 referre
762 3009 960 3094 Cyclopum?

104 3113 185 3192 Neo,
201 3114 261 3176 nisi
276 3114 449 3196 perdideris
462 3114 568 3191 alium,
584 3114 852 3195 placarevoraois,
1083 3117 1127 3183 35

104 3218 146 3281 Et
160 3218 242 3291 meli
257 3218 369 3291 morati
384 3218 500 3301 poteris
511 3218 630 3303 jejunia
646 3218 781 3286 ventris?

147 3325 193 3388 At
208 3334 298 3387 vetus
312 3323 365 3397 illa
378 3335 465 3403 aetas,
480 3324 534 3389 eui
549 3324 680 3393 belinus
696 3325 802 3399 Aures
816 3346 943 3405 nomen,

104 3427 233 3501 Fetibus
248 3428 393 3507 arboreis,
409 3440 451 3508 et,
467 3451 546 3512 quas
560 3430 675 3501 humus
689 3430 814 3509 educet,
831 3430 934 3494 herbis

105 3532 277 3595 Fortunate
291 3532 360 3611 suit,
375 3554 435 3600 neo
450 3533 559 3616 polluit
574 3555 629 3597 ora
643 3554 763 3598 eruore.

105 3637 198 3701 Tune
213 3647 246 3701 et
260 3657 334 3701 aves
349 3648 425 3704 tutae
441 3640 567 3704 movere
582 3658 639 3720 per
653 3641 727 3707 alirn
741 3658 873 3719 pennas,
1084 3640 1129 3701 40

107 3740 148 3807 Et
161 3742 252 3825 lepus
266 3742 442 3825 impavidus
456 3743 568 3816 mediis
582 3742 696 3815 erravit
709 3742 742 3805 in
757 3740 856 3821 egris:

376 3849 417 3907 14
