2567 4209
513 334 611 384 BOOK
634 334 694 383 vn.

83 506 170 576 Qud
186 528 220 575 se
237 527 359 589 cunque
375 504 458 569 acies
472 504 636 568 oculorum
653 505 790 580 flexerat,
806 500 868 567 illic

83 612 216 694 Vulgus
231 622 297 675 erat
312 619 462 688 stratum3
485 609 580 672 veluti
595 609 668 672 crim
684 607 786 691 putria
800 606 893 669 motis

83 717 194 778 Poma
208 716 326 779 cadunt
341 715 442 791 ramis,
458 715 636 797 agitataque
653 712 723 775 ilice
738 712 878 793 glandes.

83 820 231 901 Templa
246 820 332 883 vides
348 820 466 896 contri,
481 818 627 901 gradibus
642 816 786 881 sublimia
801 815 920 899 longis:

83 922 216 1006 Jupiter
230 924 283 987 illa
297 934 393 986 tenet.
439 923 521 992 Quis
536 944 600 985 non
615 922 762 984 altaribus
777 919 836 983 illis

85 1029 184 1091 Irrita
199 1028 291 1091 thura
305 1028 397 1091 tulit?
420 1028 542 1110 quoties
557 1048 613 1109 pro
628 1027 762 1110 conjuge
778 1024 902 1109 conjux,

85 1134 155 1198 Pro
170 1144 267 1215 gnato
281 1133 412 1215 genitor,
430 1134 505 1195 dum
520 1132 614 1194 rerba
628 1130 788 1213 precantia
802 1129 889 1208 dicit,

87 1239 170 1303 Non
186 1238 318 1301 exoratis
333 1237 469 1300 animam
485 1236 584 1299 finivit
599 1236 631 1299 in
647 1236 725 1299 aris:

87 1343 194 1426 Inque
209 1364 305 1405 manu
320 1342 419 1405 thuris
434 1363 504 1424 pars
519 1341 738 1422 inconsumpta
754 1348 875 1422 repertu
890 1339 956 1403 estl

89 1448 225 1513 Admoti
240 1447 360 1529 quoties
377 1446 509 1529 templis,
525 1446 601 1508 dum
617 1454 689 1508 vota
704 1445 849 1508 sacerdos

88 1553 250 1634 Concipit,
266 1562 298 1616 et
314 1551 417 1615 fundit
432 1572 543 1633 purum
559 1551 639 1614 inter
654 1571 771 1614 cornua
786 1549 903 1627 vinum,

89 1656 191 1719 Haud
207 1664 386 1738 exspectato
401 1655 583 1718 ceciderunt
597 1654 725 1717 vulnere
740 1654 819 1717 tauri
834 1653 841 1717 !
1048 1654 1113 1716 215

90 1761 165 1843 Ipse
181 1781 241 1843 ego
255 1782 342 1824 sacra
356 1759 426 1823 lovi
440 1781 497 1842 pro
511 1780 572 1837 me,
589 1759 759 1842 patriaque,
775 1758 935 1840 tribusque

90 1866 176 1929 Cum
191 1855 332 1929 facerem
341 1866 431 1943 natis,
447 1866 584 1948 mugitus
599 1864 725 1928 victima
740 1865 823 1927 diros

93 1972 221 2050 Edidit;
244 1982 278 2034 et
292 1970 395 2034 subito
409 1969 546 2052 collapsa
560 1970 626 2031 sine
642 1968 756 2033 ictibus
772 1968 841 2031 ullis

94 2076 219 2160 Exiguo
234 2076 324 2139 tinxit
339 2075 494 2160 subjectos
509 2074 661 2157 sanguine
677 2072 802 2136 cultros.

93 2181 186 2247 Fibra
201 2181 325 2263 quoque
339 2183 424 2263 aegm
439 2190 529 2243 notas
544 2178 618 2257 veri,
634 2178 832 2261 monitusque
847 2178 977 2241 deorum
1048 2180 1114 2243 220

93 2286 293 2353 Perdiderat:
318 2285 420 2348 tristes
435 2293 600 2367 penetrant
614 2284 656 2347 ad
671 2283 789 2346 viscera
803 2282 913 2347 morbi.

94 2391 179 2458 Ante
194 2411 297 2454 sacros
312 2390 375 2453 vidi
391 2390 529 2474 projecta
543 2390 696 2453 cadavera
711 2398 825 2473 postes,

94 2496 179 2562 Ante
194 2496 287 2579 ipsas,
302 2494 365 2577 qud
380 2516 463 2558 mors
478 2494 556 2557 soret
569 2493 759 2573 invidiosior,
774 2515 854 2557 aras.

95 2602 169 2667 Pars
184 2601 320 2665 animam
336 2600 449 2683 laqueo
464 2599 624 2677 claudunt,
639 2599 808 2681 mortisque
824 2598 967 2663 timorem

95 2706 197 2794 Morte
213 2706 333 2789 fugant,
349 2705 491 2787 ultroque
508 2714 620 2769 vocant
635 2704 792 2767 venientia
809 2703 883 2769 lata.
1048 2707 1113 2769 225

95 2812 234 2894 Corpora
248 2811 341 2874 missa
355 2810 425 2873 neci
441 2810 532 2874 nullis
547 2810 588 2873 de
603 2830 690 2872 more
706 2809 848 2873 femntur

96 2917 287 2992 Funeribus;
311 2936 412 2996 neque
427 2914 512 2978 enim
527 2915 693 2998 capiebant
708 2915 817 2980 funera
833 2926 942 2999 portae.

97 3021 160 3085 Aut
175 3021 336 3084 inhumata
350 3024 496 3103 premunt
510 3030 616 3098 terras,
631 3030 688 3083 aut
703 3021 817 3084 dantur
831 3021 863 3084 in
878 3020 958 3085 altos

97 3127 239 3191 Indotata
254 3146 356 3207 rogos.
402 3124 444 3188 Et
455 3125 521 3209 jam
536 3125 711 3188 reverentia
726 3125 810 3189 nulla
824 3134 881 3202 est,

96 3233 205 3313 Deque
219 3231 301 3313 rogis
317 3238 468 3312 pugnant,
484 3230 654 3311 alienisque
670 3229 792 3311 ignibus
807 3233 928 3294 ardent.
1047 3234 1113 3295 230

98 3338 161 3407 Qui
176 3336 357 3419 lacryment,
374 3335 489 3397 desunt
502 3357 509 3412 3
537 3335 756 3416 indefletaeque
772 3346 925 3417 vagantur

99 3443 248 3508 Natarum
263 3450 459 3521 matrumque
475 3440 599 3516 animas,
612 3439 826 3523 juvenumque
843 3460 1034 3522 senumque3

99 3546 165 3613 Nec
178 3546 266 3609 locus
281 3545 314 3609 in
329 3543 476 3623 tumulos,
493 3565 554 3608 nec
568 3543 683 3608 sufficit
697 3544 788 3608 arbor
802 3545 835 3607 in
850 3544 960 3627 ignes!
