2567 4209
541 325 638 375 BOOK
661 326 721 375 VII.

422 630 490 671 THE
515 629 640 671 PLAGUE
667 629 700 669 IN
723 628 840 669 AEGINA·

563 786 593 827 v.
617 768 694 827 517.

115 905 238 970 AEacus
253 905 415 989 ingemuit,
431 904 570 987 tristique
586 904 630 968 ita
645 924 722 967 voce
738 903 878 967 locutus:

116 1015 217 1078 ‘Dira
232 1014 300 1077 lues
315 1014 360 1077 irai
375 1013 497 1096 populis
512 1012 645 1076 lunonis
661 1013 775 1095 iniquae

116 1120 247 1197 Incidit,
263 1140 366 1183 exosae
381 1119 481 1181 dictas
495 1140 516 1181 a
530 1117 641 1201 pellice
658 1128 762 1181 terras.

118 1223 207 1287 Dum
222 1224 322 1287 visum
337 1222 466 1287 mortale
481 1224 608 1301 malum,
626 1234 785 1304 tantaeque
801 1222 919 1285 latebat

117 1329 225 1393 Causa
240 1350 358 1393 nocens
373 1328 481 1407 cladis,
497 1340 672 1411 pugnatum
688 1339 735 1392 est
750 1338 816 1391 arte
832 1328 990 1392 medendi.

120 1435 261 1499 Exitium
277 1435 443 1518 superabat
458 1456 561 1517 opem,
577 1455 648 1517 quae
664 1434 747 1497 victa
759 1433 894 1519 jacebat.

167 1540 323 1623 Principio
338 1540 452 1604 coelum
468 1541 566 1623 spissi
580 1540 713 1623 caligine
729 1550 825 1603 terras
1082 1543 1145 1603 150

119 1646 246 1723 Pressit,
262 1656 295 1709 et
309 1646 438 1727 ignavos
453 1644 578 1709 inclusit
592 1646 727 1709 nubibus
743 1657 848 1709 aestus.

119 1750 268 1833 Dumque
284 1763 393 1833 quater
403 1752 520 1837 junctis
535 1752 676 1834 implevit
690 1752 837 1815 cornibus
853 1751 961 1816 orbem

119 1855 224 1933 Luna,
240 1866 349 1939 quater
363 1856 490 1938 plenum
506 1866 635 1919 tenuata
650 1857 784 1920 retexuit
798 1856 916 1934 orbem,

121 1960 267 2024 Letiferis
283 1961 375 2024 calidi
391 1961 546 2043 spirirum
561 1960 685 2024 flatibus
701 1960 818 2023 Austri.

123 2066 255 2130 Constat
269 2077 302 2129 et
316 2067 349 2129 in
365 2066 468 2129 sontes
482 2066 592 2130 vitium
607 2066 739 2144 venisse,
756 2066 923 2148 lacusque3
1083 2070 1144 2131 155

123 2172 283 2255 Milliaque
298 2172 432 2238 incultos
447 2172 627 2254 serpentium
641 2172 739 2235 multa
754 2194 810 2255 per
824 2193 916 2255 agros

123 2277 261 2354 Emissa,
276 2288 371 2360 atque
386 2276 449 2340 suis
464 2278 575 2341 fluvios
591 2278 758 2341 temerdsse
775 2278 912 2357 venenis.

124 2384 235 2465 Strage
251 2404 365 2445 canum
380 2382 490 2465 prima,
506 2384 740 2464 volucrumque,
757 2384 934 2466 oviumque,
950 2383 1118 2467 boumque,

123 2488 223 2569 Inque
240 2488 311 2550 seris
325 2487 418 2551 subiti
434 2489 588 2570 deprensa
602 2489 743 2570 potentia
759 2489 867 2552 morbi.

124 2592 299 2655 Concidere
314 2592 420 2655 infelix
436 2592 554 2655 rabdos
569 2594 698 2656 miratur
713 2604 815 2657 arator
1083 2596 1145 2657 160

124 2697 208 2761 Inter
224 2719 303 2780 opus
318 2708 432 2774 tauros,
448 2698 614 2780 medioque
631 2697 812 2761 recumbere
828 2698 925 2762 sulco.

125 2802 286 2884 Lanigeris
300 2804 444 2884 gregibus
460 2802 581 2867 balatus
598 2803 744 2867 dantibus
760 2824 869 2887 aegros,

125 2908 246 2991 Sponte
262 2908 318 2971 suri
333 2908 473 2991 lanaeque
489 2910 617 2986 cadunt,
633 2920 666 2972 et
681 2931 813 2992 corpora
828 2911 946 2973 tabent.

125 3013 207 3077 Acer
223 3034 322 3096 equus
337 3015 505 3095 quondam,
521 3036 707 3096 magnaeque
723 3014 755 3077 in
772 3016 898 3097 pulvere
914 3016 1016 3094 famae,

125 3117 303 3200 Degenerat
317 3118 455 3201 palmas3
478 3129 681 3200 veterumque
697 3120 811 3181 oblitus
827 3120 990 3198 honorum,
1084 3122 1146 3183 165

126 3222 174 3286 Ad
193 3244 332 3306 praesepe
346 3224 454 3306 gemit,
470 3224 534 3287 leto
550 3224 716 3287 moriturus
732 3225 833 3288 inerti.

127 3329 199 3392 Non
214 3350 290 3411 aper
305 3330 394 3392 irasci
410 3330 562 3407 meminit,
578 3351 639 3393 nec
655 3330 751 3393 fidere
768 3352 859 3393 cursu

126 3434 235 3511 Cerva,
251 3456 312 3499 nec
326 3436 473 3498 armentis
488 3436 644 3499 incurrere
662 3436 790 3498 fortibus
806 3436 885 3501 ursi:

127 3540 242 3603 Omnia
256 3538 386 3622 languor
402 3539 514 3604 habet:
540 3539 695 3622 silvisque,
711 3542 865 3623 agrisque,
881 3542 998 3625 viisque

127 3644 265 3727 Corpora
279 3641 366 3708 soeda
376 3646 503 3730 jacent;
527 3645 674 3708 vitiantur
690 3645 836 3708 odoribus
851 3667 946 3709 auroe.
1085 3650 1148 3709 170

127 3750 205 3818 Mira
222 3751 348 3833 loquor:
373 3772 438 3813 non
453 3750 505 3813 illa
521 3770 626 3826 curres,
641 3749 804 3830 avidaeqne
820 3750 970 3829 volucres,
