2567 4209
155 332 197 396 16
430 324 549 375 OVID'S
571 321 898 375 anuotttnosttu

153 496 230 567 Quo
244 516 340 574 mare,
356 517 419 578 quo
433 494 535 573 tellus,
552 505 758 577 correptaque
772 495 859 577 regia
872 493 945 559 «ὦ

153 597 283 679 Ardeat‚
299 612 331 665 et
345 599 455 664 mundi
470 600 568 663 moles
583 618 715 681 operosa
726 598 857 663 laboret.

152 706 231 771 Tela
248 715 440 789 reponuntur
455 703 599 768 manibus
614 704 764 767 fabricata
778 703 966 787 Cyclopum.

152 811 252 875 Poena
268 812 370 895 placet
385 810 516 887 diversa,
531 830 631 891 genus
645 808 775 873 mortale
790 807 849 871 sub
863 808 956 871 mdis
1106 810 1182 873 θα)

152 915 298 992 Perdere,
314 924 400 978 etex
415 914 500 977 omni
516 914 638 976 nimbos
652 913 809 976 dimittere
823 911 915 977 ooelo.

153 1018 298 1082 Protinus
314 1018 423 1080 AEoliis
439 1017 628 1099 Aquilonem
642 1017 761 1081 claudit
775 1018 808 1080 in
823 1018 921 1081 anum

153 1121 195 1185 Et
210 1142 405 1205 quaecunque
421 1121 531 1204 fugant
546 1122 691 1185 inductas
706 1122 833 1185 tlarniua
847 1123 958 1200 nubes,

153 1226 337 1309 Emittitque
353 1226 484 1289 Notum.
530 1226 669 1290 Madidis
685 1226 789 1289 Notus
802 1226 908 1289 evolat
921 1226 989 1304 ulis,

152 1330 336 1396 Terribilem
352 1332 441 1415 picei
456 1341 557 1395 tectus
572 1330 705 1413 caligine
720 1331 851 1394 vultum.
1104 1333 1181 1395 265

153 1434 254 1501 Barba
269 1436 370 1519 gravis
385 1436 517 1513 nimbis3
541 1436 627 1498 canis
642 1436 710 1497 fluit
725 1436 812 1518 unda
826 1434 961 1517 capillia3
1009 1510 1016 1522 „

152 1538 268 1603 Fronte
283 1539 394 1602 sedent
408 1538 550 1616 nebulae3
573 1549 679 1602 rorant
694 1560 869 1621 pennaeque
884 1541 1042 1622 unusque.

152 1638 259 1725 thue
274 1662 369 1706 manu
384 1642 448 1706 lata
462 1643 634 1724 pendentia
648 1642 755 1705 nubila
770 1644 890 1725 pressit,

153 1747 205 1810 Fit
219 1746 337 1830 fragor:
363 1745 437 1810 hinc
452 1746 541 1810 densi
557 1746 731 1809 funduntur
745 1747 787 1811 ab
800 1748 918 1812 ethere
932 1747 1041 1811 nimbi.

153 1849 274 1916 Nuntia
288 1849 307 1914 J
308 1851 431 1930 uuonis,
447 1851 547 1915 varios
562 1851 673 1913 induta
687 1850 816 1930 colores,
1105 1856 1178 1918 2⁵10

151 1954 299 2041 Concipit
313 1956 371 2019 Iris
386 1976 492 2039 aquus,
507 1956 717 2037 alimentaque
733 1956 867 2019 nubibus
881 1954 982 2019 affert.

154 2062 343 2125 Sternuntur
358 2072 489 2145 segetes,
505 2072 538 2124 et
553 2060 714 2143 deplorata
728 2060 831 2123 coloni

152 2164 236 2229 Vota
246 2166 364 2251 jacent,
380 2166 526 2247 longique
542 2164 628 2229 labor
642 2165 723 2246 perit
736 2165 839 2227 irritus
853 2165 938 2227 anni.

197 2268 230 2331 N
231 2291 268 2333 ec
283 2269 364 2334 ooelo
378 2279 527 2332 contenta
542 2288 599 2331 suo
615 2266 702 2331 lovis
717 2269 781 2345 ira3
805 2270 861 2332 sed
877 2268 963 2334 illum

152 2372 312 2437 Gaemleus
327 2372 420 2435 irater
431 2373 519 2457 jurat
534 2372 732 2435 auxiliaribus
747 2373 851 2436 undis.
1103 2380 1175 2442 275

152 2475 380 2540 Convoeat'hio
394 2496 513 2539 amnes.
560 2476 626 2544 Qui
643 2488 808 2559 postquam
824 2487 908 2541 tecta
920 2479 1044 2561 tyranni

152 2580 310 2645 intravere
327 2581 384 2659 sui,
401 2580 453 2645 ‘N
454 2603 494 2645 on
510 2592 558 2645 est
573 2580 748 2645 hortamine
763 2582 859 2664 longo

153 2685 270 2763 Nunc,'
287 2686 340 2765 ait,
358 2688 547 2751 ‘utendumz
572 2686 653 2750 vires
667 2686 820 2750 effundite
835 2696 963 2751 vestras.

153 2792 209 2855 Sic
223 2810 302 2873 opus
317 2799 383 2855 est:
407 2792 525 2872 aperite
540 2792 662 2869 domos,
676 2812 725 2869 ae,
740 2792 824 2855 mole
838 2793 969 2871 remoti,

152 2894 348 2959 Fluminibus
362 2895 470 2957 vestris
485 2903 566 2957 totas
581 2895 737 2959 immittite
753 2897 912 2960 habenas!
1103 2901 1172 2966 200

152 2996 301 3063 Iusserat.
347 2998 390 3061 Hi
405 2999 547 3076 redeunt,
563 3021 602 3064 ac
617 2999 755 3064 lontibus
769 3022 824 3065 ora
838 3002 990 3080 totamm,

153 3100 195 3167 Et
207 3104 381 3167 delraenato
395 3103 562 3168 volvuntur
576 3105 608 3169 in
625 3126 752 3189 aequora
766 3127 870 3170 eursu.

152 3208 224 3289 Ipse
241 3209 374 3271 tridente
389 3230 446 3271 suo
461 3220 574 3273 terram
589 3212 758 3293 percussit:
783 3222 817 3274 at
830 3210 884 3274 illa

152 3312 325 3390 Intremuit,
340 3323 489 3394 motuque
505 3314 590 3377 sinus
605 3315 755 3397 patefecit
768 3336 929 3396 aquarum.

153 3416 334 3500 Exspatiata
348 3426 443 3479 ruunt
459 3438 514 3499 per
528 3428 652 3499 apertos
666 3418 796 3482 flumina
810 3440 948 3501 campos,
1102 3424 1171 3486 285

152 3520 294 3605 Cumque
310 3522 384 3585 satis
399 3522 524 3585 arbusta
539 3521 629 3587 simul
645 3524 845 3606 pecudesque
860 3526 1004 3607 virosque

152 3623 315 3707 Tectaque
331 3646 466 3707 ournque
482 3627 545 3689 suis
561 3628 686 3709 rapiunt
700 3628 871 3711 penetralia
885 3629 992 3693 sacris.

154 3728 189 3793 Si
204 3748 266 3811 qua
279 3730 392 3793 domus
407 3731 530 3808 mansit,
546 3732 709 3814 potuitque
723 3733 864 3796 resistere
879 3742 970 3796 tanto
