2567 4209
544 342 641 391 BOOK
663 342 712 391 111.

76 502 202 569 Causa
222 508 293 572 fuit
312 510 424 589 luctrls,
440 512 604 594 alienaque
619 533 738 576 cornua
754 512 846 576 fronti

76 607 233 690 Addita,
254 635 379 697 vosque
395 638 488 680 canes
504 618 622 681 satiatae
638 617 789 699 sanguine
805 616 903 680 herili.

77 712 130 777 At
147 715 246 781 bene
266 720 298 782 si
314 742 445 803 quaerss,
462 723 609 786 Fortunae
624 722 742 785 crimen
758 721 790 785 in
806 721 869 799 illo,

78 820 115 882 N
117 842 166 883 on
187 823 310 888 scelus
325 825 477 889 invenies:
503 828 587 909 quod
602 827 686 890 enim
702 826 802 889 scelus
817 848 900 890 error
915 824 1072 890 habebat?
1087 872 1094 882 .

130 924 207 990 Dat
226 950 345 1013 sparso
360 931 453 1013 capiti
470 932 583 995 vivacis
598 952 716 995 cornua
731 931 831 995 cervi:
1073 935 1136 996 120

78 1028 154 1093 Dat
172 1033 329 1114 spatium
344 1035 434 1113 collo,
450 1057 648 1119 summasque
664 1036 842 1100 cacuminat
855 1057 956 1114 aures,

79 1133 176 1199 Cum
195 1139 405 1222 pedibusque
421 1162 541 1219 merrus,
558 1141 888 1224 cum-longisbrachia
902 1151 1003 1205 mutet

80 1239 271 1321 cruribus,
289 1255 322 1307 et
337 1245 418 1307 velat
433 1245 590 1309 maculoso
606 1246 718 1309 vellere
733 1268 856 1328 corpus.

83 1344 244 1411 Additus
262 1360 298 1413 et
313 1372 409 1433 pavor
424 1361 481 1413 est.
528 1350 622 1433 Fugit
637 1350 836 1413 Autonoeius
851 1350 951 1428 heros,

85 1448 133 1513 Et
150 1472 189 1515 se
208 1461 284 1516 tam
300 1454 435 1518 celerem
449 1476 541 1518 cursu
557 1456 685 1518 miratur
699 1454 732 1518 in
748 1454 825 1537 ipso.
1071 1458 1133 1518 125

86 1554 138 1618 Ut
154 1558 241 1620 verb
261 1558 359 1622 solitis
375 1581 431 1622 sua
445 1579 564 1623 cornua
578 1560 656 1622 vidit
671 1560 703 1622 in
718 1558 821 1637 undis,

87 1660 173 1724 ‘Me
191 1663 350 1727 miserum
365 1665 371 1727 !
385 1665 393 1694 '
409 1665 548 1729 dicturus
563 1675 646 1728 erat:
672 1686 732 1728 vox
747 1664 833 1728 nulla
847 1675 956 1728 secuta
970 1674 1028 1729 est.

88 1763 288 1848 Ingemuit;
313 1790 372 1832 vox
387 1768 438 1832 illa
453 1769 528 1833 fuit:
554 1770 761 1854 lacrymaeque
776 1790 831 1853 per
847 1791 902 1867 orp

91 1868 175 1933 Non
195 1894 260 1937 sua
275 1874 441 1936 fluxerunt.
487 1874 581 1937 Mens
596 1854 718 1937 tantum
733 1875 861 1957 pristina
875 1875 998 1937 mansit.

145 1975 245 2045 Quid
261 1978 376 2041 faciat?
400 1988 561 2059 repetatne
577 1980 717 2055 domurn,
732 1988 765 2040 et
780 1978 894 2059 regalia
909 1980 1012 2041 tecta?
1069 1982 1133 2042 130

97 2077 153 2141 An
170 2080 275 2145 lateat
290 2076 395 2145 silvis?
420 2082 595 2160 timothoe,
612 2083 714 2164 pudor
729 2081 858 2162 impedit
872 2080 958 2144 illud.

96 2180 190 2247 Dum
208 2186 343 2264 dubitat,
359 2187 465 2251 videre
481 2208 592 2250 canes:
617 2186 796 2269 primusque
812 2184 990 2268 Melampus

96 2286 357 2374 Ichnobatesque
374 2313 468 2374 sagax
485 2291 596 2355 latratu
611 2292 702 2374 signa
715 2291 842 2354 dedere.

99 2392 184 2457 Inde
201 2405 300 2459 ruunt
314 2396 366 2459 alii
381 2396 490 2479 rapida
505 2396 638 2460 velocius
653 2397 739 2474 surb,

103 2498 265 2583 Quosque
281 2501 394 2564 referre
409 2522 496 2564 mora
511 2512 567 2564 est.
614 2502 662 2565 Ea
676 2501 767 2564 turba
781 2501 930 2583 cupidine
946 2502 1063 2584 praedae

104 2600 166 2665 Per
182 2626 289 2686 rupes,
306 2604 522 2688 scopulosque,
537 2606 687 2688 adituque
704 2606 841 2669 carentia
857 2627 941 2683 saxa,
1067 2608 1130 2669 136

104 2708 184 2778 Qua
200 2713 251 2775 via
266 2712 409 2791 difficilis,
426 2714 548 2797 quaque
564 2723 612 2776 est
627 2714 677 2776 via
692 2713 786 2792 nulla,
803 2713 953 2777 seruntur.

103 2812 162 2877 Ille
179 2817 270 2898 fugit,
287 2838 341 2899 per
356 2839 426 2900 quae
443 2818 543 2881 luerat
557 2818 627 2883 loca
642 2840 726 2901 saepe
743 2829 878 2882 secutus.

104 2916 182 2983 Heu
199 2921 331 2984 famulos
346 2923 426 3004 fugit
441 2923 506 3004 ipse
522 2924 612 2987 suos!
637 2922 771 2987 clamare
787 2921 913 3001 libebat,

106 3022 262 3089 ‘Actaeon
278 3048 338 3109 ego
354 3048 439 3090 sum:
465 3028 626 3090 dominum
641 3028 822 3110 cognoscite
837 3028 995 3090 vestrum?
1066 3031 1130 3091 140

106 3127 213 3193 Verba
227 3132 333 3195 animo
348 3133 478 3195 desunt:
503 3143 628 3195 resonat
642 3132 801 3195 latratibus
816 3132 924 3194 aether.

107 3231 211 3300 Prima
226 3236 451 3300 Melanchaetes
467 3235 499 3298 in
516 3246 604 3319 tergo
619 3235 748 3298 vulnera
762 3235 846 3313 fecit,

108 3335 251 3405 Proxima
266 3341 489 3419 Theridamas3
513 3340 731 3422 Oresitrophos
746 3340 836 3404 lraesit
850 3340 883 3403 in
898 3363 994 3405 armo.

109 3441 398 3508 Tardius-exierant
408 3468 416 3523 ;
441 3448 567 3528 sed-per
581 3447 899 3528 compendia'montis

112 3546 289 3631 Anticipata
304 3550 354 3613 via
369 3561 425 3613 est.
472 3550 642 3614 Dominum
659 3551 861 3614 retinentibus
877 3551 946 3629 illis,
1064 3553 1127 3614 145

110 3650 219 3718 Cetera
234 3655 325 3718 turba
339 3656 413 3732 coit,
429 3646 611 3737 confertque
626 3656 659 3717 in
674 3676 802 3737 corpore
818 3657 939 3719 dentes.

110 3752 178 3823 Jam
191 3759 262 3824 loca
276 3758 455 3822 vulneribus
470 3760 595 3823 desunt.
641 3759 748 3822 Gemit
763 3760 826 3836 ille,
842 3777 1026 3839 sonumque,
