2567 4209
172 332 237 397 148
446 327 566 377 ovm'e
588 324 924 377 ununuourflosns.
953 328 956 335 '

265 626 334 670 'rut
358 626 462 669 Aenus
485 626 525 669 01
548 626 683 669 111ΠοῙὶ
708 625 866 667 camuel)
889 623 969 665 lN'l'O
994 620 1119 665 BIRDS·

616 799 647 842 v.
669 778 745 841 576.

213 914 289 980 Non
303 926 396 981 ruent
409 916 552 995 Aururre,
566 936 759 1000 quemquem
774 914 876 978 isdem
892 914 1017 977 leverat
1032 910 1152 988 armis,

167 1020 318 1085 Cladibus
331 1032 365 1085 et
379 1043 454 1087 eusu
468 1022 640 1107 'l'rujaeque
653 1020 861 1100 Hecubseque
877 1017 1012 1083 moveri.

167 1123 252 1189 Cure
267 1129 359 1191 deum
374 1127 509 1211 propior,
525 1126 692 1208 luctusque
705 1125 899 1189 domesticus
911 1123 1004 1206 ungit
1149 1124 1218 1185 575

168 1228 348 1295 Memnonis
362 1232 476 1310 emissi,
492 1232 634 1315 Phrygiis
649 1252 743 1313 quem
759 1230 845 1293 lutee
859 1229 982 1311 eampis

168 1334 256 1399 Vidit
271 1335 413 1400 Achillei
427 1346 611 1420 pereuntem
625 1336 756 1419 cuspide
772 1346 881 1397 meter.

168 1438 275 1519 vidit3
297 1450 330 1504 el
344 1440 395 1504 ille
410 1441 506 1518 color,
521 1462 585 1523 quo
599 1441 754 1505 matutine
769 1438 941 1503 rubescunt

167 1544 335 1627 Tempora,
352 1545 522 1628 palluerat:
546 1545 698 1627 latuitque
714 1546 747 1609 in
764 1544 900 1607 nubibus
915 1541 1031 1605 iether.

211 1646 257 1711 At
270 1670 335 1712 nen
350 1649 512 1731 impositos
526 1651 678 1733 supremis
690 1651 815 1733 ignibus
830 1660 916 1713 artus
1150 1648 1217 1711 580
1282 1676 1283 1685 ¹

168 1750 324 1818 Sustinuit
337 1764 478 1837 spectare
493 1776 623 1837 parens:
648 1756 705 1819 sed
721 1756 806 1819 crine
822 1754 935 1830 soluto,

167 1858 257 1922 Sicut
271 1870 348 1939 eret,
362 1860 468 1943 magni
482 1860 614 1943 genibus
630 1860 836 1942 procumbere
851 1882 917 1923 nou
931 1869 981 1923 esl

166 1961 344 2047 Dedignete
358 1964 454 2043 lovis,
469 1965 675 2049 lacrymisque
690 1965 748 2029 hus
762 1966 880 2029 addere
896 1984 1012 2027 voees:

167 2067 343 2133 ‘Omnibus
358 2069 493 2147 inferior,
509 2090 587 2151 ques
602 2070 735 2133 sustinet
749 2090 865 2133 eureus
879 2068 989 2145 aether,

168 2169 268 2258 (Nem
282 2172 359 2235 mihi
374 2185 448 2236 sunt
462 2183 560 2236 totum
576 2173 732 2237 rarissimu
747 2172 866 2255 templa
880 2192 937 2255 per
951 2169 1087 2258 orbem)
1143 2173 1206 2235 585

165 2272 247 2336 Diva
261 2284 367 2338 temen
382 2277 492 2340 venie:
517 2298 581 2341 non
597 2289 633 2342 ut
648 2278 788 2356 delubra,
804 2278 934 2360 diesque

164 2375 230 2439 Des
244 2377 321 2441 milri
336 2379 500 2457 seerilieus,
516 2381 721 2464 caliturasque
738 2382 864 2464 ignibus
876 2402 956 2445 ares.

165 2479 201 2544 Si
216 2488 322 2546 temen
337 2483 502 2566 adspicies,
517 2487 668 2569 quantum
684 2486 740 2549 ribi
756 2486 885 2549 foemine
900 2494 1066 2568 praestem,

163 2586 247 2649 Tum
263 2587 335 2651 edm
349 2587 420 2653 luee
434 2590 518 2653 nori
532 2590 632 2653 noetis
648 2590 784 2654 eonfinia
799 2610 899 2667 servo,

162 2689 296 2754 Preme
308 2692 415 2757 dende
429 2706 530 2776 putes.
577 2694 642 2758 Sed
658 2715 722 2757 non
738 2715 777 2757 ee
792 2715 885 2772 eure3
911 2714 1016 2776 neque
1032 2692 1091 2759 hie
1108 2704 1160 2759 est

162 2792 260 2856 Nune
274 2805 371 2858 status
386 2796 527 2875 Aurorae,
543 2798 668 2861 meritos
683 2808 719 2861 ut
733 2810 844 2881 poscat
858 2799 1005 2863 honores.
1133 2802 1196 2864 591

161 2895 341 2961 Memnonis
356 2899 433 2963 orbe
445 2901 508 2963 mei
523 2902 633 2966 venio:
658 2903 711 2985 qui
727 2903 819 2967 fortia
835 2902 949 2967 frustm
978 2900 981 2905 ’

161 2999 222 3064 Pro
236 3011 350 3083 petrns
362 3003 432 3067 ulit
447 3024 532 3068 unna
547 3010 634 3083 su03'
648 3006 814 3089 primisque
831 3007 889 3069 sub
904 3006 999 3071 annis

160 3106 287 3171 Oecidit
301 3129 321 3171 u
336 3109 406 3173 forti
423 3109 483 3197 (siu
497 3129 553 3173 vos
568 3108 720 3195 voluistis)
739 3109 874 3175 Achille.

160 3209 220 3288 De,
236 3232 355 3292 preeur,
371 3213 445 3276 huic
459 3214 604 3295 aliquem,
622 3214 731 3278 solatia
745 3216 863 3293 morde,
879 3215 1049 3295 honorem,
1129 3222 1194 3285 595

160 3313 290 3375 Summe
305 3316 524 3391 deernimus,
540 3329 741 3399 maternaque
758 3319 887 3381 vulnera
902 3318 989 3383 leni!

124 3425 127 3430 '
202 3414 324 3495 Jupiter
338 3429 508 3492 annuerem
532 3419 604 3481 edm
619 3420 799 3483 Memnonis
814 3423 931 3485 arduus
946 3422 1016 3487 ullu

158 3514 281 3577 Corruit
295 3516 367 3596 igne
382 3537 486 3598 rogus,
501 3519 641 3599 nigrique
656 3521 814 3586 volumine
829 3524 909 3589 fumi

157 3615 298 3679 Infeeere
313 3619 413 3682 diem:
439 3617 533 3679 veluti
548 3621 619 3681 edm
634 3623 763 3684 flumina
778 3636 870 3688 netes

159 3716 313 3779 Erhnlent
327 3719 465 3796 nebulus,
481 3739 541 3781 nee
555 3720 600 3781 sol
615 3723 787 3788 admittitur
802 3727 894 3790 infre.
1122 3742 1187 3805 600
