2567 4209
157 310 197 372 lt
432 302 549 353 ovin's
568 301 895 353 nersuonruosss.

152 470 233 537 Cinn
247 471 334 549 mihi,
350 472 403 553 qui
418 471 547 550 lulrnen,
563 472 616 554 qui
632 492 688 535 vos
702 471 865 556 habeoque
880 492 1028 555 regeque,

155 574 308 639 Struxerit
323 576 449 640 insidias
466 587 557 639 notus
573 576 694 639 feritate
711 577 839 659 Lycaon
850 577 881 639 ?’

197 680 420 744 Confremuere
436 702 555 757 omnes,
571 680 741 761 studiisque
756 681 938 745 ardentibus
951 700 1064 744 ausum
1283 726 1284 773 l

153 785 245 850 Talia
260 786 445 867 deposcunt.
492 784 556 861 Sic,
573 786 645 847 edm
660 804 771 847 manus
786 785 882 867 impia
897 785 985 848 saerit
1106 788 1174 849 200

155 890 316 973 Sanguine
330 889 476 953 Caesareo
490 890 670 955 Romanum
685 890 882 972 exstinguere
897 910 1024 967 nornen,

154 995 332 1059 Attonitum
348 1003 443 1058 tantae
460 994 562 1057 subito
577 1004 692 1057 terrore
708 994 806 1057 ruinoe

154 1098 337 1163 Humanum
352 1119 452 1182 genus
467 1108 525 1175 est,
542 1109 688 1181 totusque
703 1098 876 1181 perhorruit
889 1099 982 1162 orbis.

154 1190 226 1269 Nec
241 1205 296 1269 tibi
311 1214 399 1287 grate
414 1204 514 1269 minius
531 1204 639 1287 pietas,
655 1202 810 1285 Auguste,
827 1213 961 1282 tuorum,

135 1366 136 1369 ,
154 1308 262 1378 Quem
278 1310 337 1373 luit
351 1308 403 1373 illa
418 1307 498 1373 Jovi.
545 1308 611 1377 Qui
627 1319 792 1391 postquam
808 1329 886 1371 voce
900 1329 1059 1391 manuque
1104 1312 1171 1374 205

154 1414 317 1478 Murmura
331 1414 524 1497 compressit,
541 1415 670 1477 tenuere
686 1412 808 1476 silentia
823 1413 939 1476 cuncti.

97 1506 101 1513 ’
155 1520 300 1583 Substitit
315 1530 350 1581 ut
365 1519 491 1595 clamor,
507 1539 629 1600 pressus
644 1518 796 1599 gravitate
810 1518 957 1601 regentis,

153 1620 276 1706 Jupiter
291 1621 352 1686 hoc
366 1622 478 1685 itenrm
494 1642 635 1684 sermone
652 1620 774 1685 silentia
788 1622 921 1705 rumpit:

155 1727 231 1792 ‘Ille
247 1727 373 1810 quidem
389 1748 498 1810 poenas
516 1727 636 1814 (curem
653 1727 735 1791 hanc
750 1727 911 1814 dimittite)
929 1727 1038 1806 solvit3

155 1832 254 1901 Quod
269 1842 374 1896 tamen
390 1832 570 1909 admissum,
585 1853 656 1914 quie
673 1832 712 1895 sit
726 1833 874 1910 vindicta,
890 1832 1021 1897 docebo.
1104 1836 1172 1897 210
1283 1848 1284 1897 l

154 1937 335 2021 Contigerat
350 1948 469 2001 nostres
485 1937 612 2001 infamia
628 1937 775 2019 temporis
790 1959 899 2000 aures:

155 2042 262 2112 Quam
278 2042 408 2125 cupiens
424 2042 542 2121 falsam,
560 2064 682 2105 summo
697 2042 825 2105 delabor
839 2042 988 2125 Olympo,

154 2146 196 2211 Et
211 2148 289 2211 deus
304 2147 443 2209 humanit
457 2147 553 2209 lustro
568 2146 625 2208 sub
641 2146 777 2229 imagine
793 2157 898 2209 terras.

153 2250 266 2334 Longa
280 2272 366 2313 mora
382 2260 438 2327 est,
455 2262 605 2331 quantum
622 2271 713 2313 noxae
728 2252 768 2314 sit
783 2250 897 2333 ubique
913 2260 1080 2334 repertum,

154 2356 364 2420 Enumerare:
389 2354 490 2417 minor
505 2354 564 2417 fuit
578 2354 646 2437 ipsa
661 2355 788 2418 infamia
803 2376 886 2418 vero.
1103 2359 1172 2421 215

154 2460 292 2524 Maenala
308 2459 498 2535 transieram,
515 2458 638 2521 latebris
654 2460 809 2522 horrenda
824 2458 969 2537 ferarum,

155 2564 284 2631 Etcum
299 2562 431 2648 Cylleno
445 2564 539 2647 gelidi
555 2565 662 2646 pineta
676 2564 793 2648 Lyoaei.
924 2637 927 2641 μ

154 2670 295 2735 Arcados
311 2669 385 2733 hinc
400 2670 491 2735 sedes
506 2680 538 2733 et
552 2670 709 2751 inhospita
723 2679 807 2732 tecta
820 2663 943 2752 tyranni

154 2774 325 2858 Ingredior,
342 2774 500 2837 traherent
515 2776 585 2838 ciun
602 2796 670 2837 sere
684 2775 866 2856 crepuscula
881 2787 1016 2839 noctem.

156 2882 254 2963 Signa
270 2878 344 2943 dedi'
359 2878 480 2941 venisse
496 2880 601 2955 deum,
618 2879 790 2962 vulgusque
806 2880 926 2962 precari
1046 2872 1053 2883 ’
1104 2884 1173 2945 220

155 2986 311 3068 Coeperat.
356 2982 468 3047 Irridet
484 2983 582 3067 primb
598 2985 650 3065 pia
665 2995 738 3047 vota
752 2985 892 3068 Lycaon.

155 3090 233 3156 Mox
248 3090 302 3169 ait,
319 3088 498 3173 ‘Experiar,
515 3089 593 3153 deus
609 3089 670 3167 hic,
687 3089 865 3153 discrimine
880 3100 1000 3171 aperto,

155 3196 208 3259 An
223 3196 263 3259 sit
277 3194 431 3259 mortalis:
457 3216 517 3259 nec
532 3195 590 3257 erit
605 3194 775 3262 dubitabile
790 3194 919 3256 verum?

155 3301 259 3365 Nocte
274 3321 402 3383 gravem
417 3320 527 3362 somno
542 3320 602 3361 nee
617 3300 713 3381 opine
728 3299 857 3379 perdere
873 3308 972 3362 morte

156 3407 212 3471 Me
228 3416 326 3489 perat.
371 3403 454 3467 Haec
469 3404 513 3465 illi
528 3403 632 3485 placet
647 3403 839 3485 experientia
853 3404 928 3467 veri.
1105 3407 1173 3470 225

157 3511 228 3577 Nec
237 3520 408 3575 contentus
424 3530 472 3586 eo,
488 3508 572 3572 missi
588 3510 627 3571 de
643 3516 738 3591 gente
753 3506 893 3571 Molossh
1189 3526 1193 3531 ’

156 3608 284 3680 Obsidis
299 3615 391 3679 unius
403 3614 547 3699 jugulum
562 3634 712 3675 mucrone
728 3611 871 3690 resolvit3

157 3722 263 3804 Atque
279 3720 323 3785 ite
337 3719 508 3783 semineces
524 3717 635 3800 partim
651 3716 840 3781 ferventibus
854 3726 940 3780 artus
