2567 4209
526 334 623 383 BOOK
643 333 689 383 tv.

76 504 242 570 Induitur
258 506 393 591 pallam;
417 516 560 589 tortoque
576 506 745 589 incingitur
759 526 886 589 angue3

80 610 326 695 Egrediturque
343 614 448 676 domo.
496 612 617 676 Luctus
633 612 823 676 comitantur
838 623 978 690 euntem,

82 718 139 782 Et
155 719 266 797 Pavor,
282 731 315 782 et
329 719 454 797 Terror,
471 719 655 801 trepidoque
671 719 798 783 Insania
812 717 911 781 vultu.
1061 721 1123 784 165

82 824 221 888 Limine
237 825 434 889 constiterat:
460 837 565 908 postes
580 826 744 888 tremuisse
760 825 902 888 lemntur

83 930 211 1009 AEolii3
236 930 395 1014 pallorque
411 931 492 994 fores
507 931 616 994 infecit
631 952 784 1009 acernas3

87 1036 215 1118 Solque
231 1036 336 1099 locum
353 1036 442 1119 fugit.
489 1036 639 1101 Monstris
656 1037 802 1101 exterrita
817 1038 944 1123 conjux,

83 1143 238 1205 Territus
254 1153 302 1205 est
317 1143 488 1220 Athamas3
512 1153 658 1227 tectoque
674 1144 758 1206 exire
775 1144 935 1226 parabant

86 1249 227 1313 Obstitit
242 1248 360 1327 infelix,
376 1250 559 1332 aditumque
574 1250 709 1324 obsedit,
725 1249 881 1332 Erinnys3
1061 1253 1123 1314 170

91 1355 252 1437 Nexaque
267 1356 399 1437 vipereis
415 1356 598 1419 distendens
612 1354 739 1418 brachia
755 1355 856 1432 nodis,

89 1460 266 1523 Caesariem
282 1462 430 1524 excussit.
477 1460 575 1525 Motae
591 1463 725 1524 sonuere
741 1460 895 1524 colubrae:

88 1568 233 1649 Parsque
246 1567 354 1652 jacent
369 1566 515 1645 humeris,
532 1588 603 1650 pars
618 1567 737 1631 cneum
754 1576 896 1650 tempora
911 1566 1007 1650 lapsae

90 1673 197 1737 Sibila
212 1674 299 1750 dant,
316 1672 497 1755 saniemque
513 1682 655 1751 vomunt,
671 1672 856 1755 linguasque
871 1682 1048 1737 coruscant.

89 1779 176 1842 Inde
192 1780 270 1842 duos
285 1778 396 1842 mediis
411 1778 864 1862 abrumpit-crinibus-angues,
1058 1780 1122 1842 175

90 1885 306 1968 Pestilerdque
322 1906 418 1947 manu
433 1893 537 1967 raptos
552 1883 690 1947 immisit.
738 1884 782 1946 At
797 1883 841 1947 illi

93 1992 251 2073 Inoosque
266 1991 352 2054 sinus
369 1990 658 2071 Athamanteosque
674 1998 844 2071 pererrant,

92 2097 314 2179 Inspirantque
329 2117 439 2180 graves
454 2096 592 2159 animas:
620 2116 681 2158 nec
696 2093 826 2157 vulnera
840 2093 989 2157 membris

92 2202 167 2266 Ulla
183 2202 303 2266 ferunt:
329 2223 417 2265 mens
433 2211 490 2278 est,
508 2222 578 2284 quae
594 2201 678 2264 diros
692 2201 806 2265 sentiat
821 2199 913 2264 ictus.

92 2307 251 2371 Attulerat
266 2329 373 2372 seeum
389 2308 496 2391 liquidi
512 2327 636 2391 quoque
652 2316 791 2370 monstra
805 2306 931 2385 veneni,
1056 2309 1121 2371 180

93 2414 167 2476 Oris
182 2413 329 2478 Cerberei
344 2436 479 2498 spumas,
496 2423 529 2476 et
544 2414 626 2476 virus
643 2412 816 2491 Echidnae3

93 2519 283 2603 Erroresque
299 2542 404 2603 vagos,
421 2539 578 2602 caecaeque
593 2519 709 2582 oblivia
722 2519 847 2596 mentis,

94 2626 138 2687 Et
152 2626 262 2705 scelus,
278 2636 311 2689 et
327 2625 489 2710 lacrymas,
505 2625 696 2707 rabiemque,
712 2634 745 2688 et
760 2624 857 2687 caedis
871 2644 1030 2702 amorem;

93 2732 211 2795 Omnia
226 2732 297 2796 trita
313 2732 422 2797 simul:
448 2752 530 2814 quae,
547 2730 700 2813 sanguine
715 2729 807 2793 mista
822 2729 953 2808 recenti,

92 2838 229 2902 Coxerat
244 2860 306 2902 aere
322 2860 410 2917 cavo,
428 2838 517 2902 viridi
533 2848 656 2901 versata
671 2836 786 2901 cicuta.
1057 2836 1120 2901 185

92 2944 240 3028 Dumque
258 2956 371 3027 pavent
386 2945 440 3022 illi,
456 2944 548 3008 vertit
563 2944 671 3007 furiale
687 2964 845 3007 venenum

92 3051 208 3115 Pectus
224 3050 256 3113 in
273 3051 445 3128 amborum,
462 3050 696 3132 praecordiaque
712 3050 822 3111 intima
837 3047 944 3111 movit.

92 3158 188 3234 Tum,
205 3157 273 3220 face
286 3156 404 3242 jactata
419 3176 475 3238 per
490 3155 627 3217 eundern
644 3154 757 3235 saepius
773 3152 892 3231 orbem,

92 3266 301 3348 Consequitur
317 3275 418 3328 motos
436 3262 582 3327 velociter
597 3262 721 3347 ignibus
737 3261 836 3345 ignee.

94 3372 148 3435 Sic
162 3371 281 3448 victrix,
294 3371 433 3455 jussique
450 3380 571 3453 potens,
588 3370 629 3432 ad
647 3368 751 3431 inania
766 3367 872 3451 magni
1056 3370 1120 3433 190

93 3478 206 3559 Regna
221 3476 301 3540 redit
317 3476 407 3554 Ditis,
424 3488 646 3558 sumptumque
662 3474 830 3557 recingitur
844 3494 992 3557 anguem.

136 3582 282 3649 Protinus
298 3580 438 3644 AEolides
454 3580 560 3643 media
575 3580 761 3643 furibundus
777 3580 808 3642 in
824 3578 898 3642 auli

92 3687 225 3765 Clamat,
243 3695 251 3725 ‘
260 3686 306 3765 Io,
323 3687 463 3765 comites,
481 3686 528 3749 bis
543 3686 621 3749 retia
635 3686 756 3749 tendite
772 3683 873 3747 silvis:
