2567 4209
567 356 665 407 aoorr
688 353 723 407 11.
1112 361 1154 425 ῃ

132 520 297 605 Deprecor
311 524 373 589 hoc
387 547 496 605 unum,
512 529 597 610 quod
612 548 687 591 vero
701 525 829 589 nomine
844 545 949 608 poena,

134 626 212 691 Non
229 626 328 693 honor
344 640 401 693 est.
446 633 586 709 Poenam,
603 631 778 709 Phaethon,
793 651 851 712 pro
865 648 995 695 munere
1010 629 1123 712 porcis

133 731 225 802 Quid
241 754 312 797 moa
327 734 407 798 coila
422 746 509 798 tenes
524 736 657 813 blandis,
673 736 790 817 ignare,
806 733 951 797 lacertis?

133 824 187 901 Ne
203 840 320 917 dubita,
337 839 469 916 dabitur,
489 839 629 928 (Stygias
641 840 811 923 juravimus
825 836 942 923 undas)
1042 868 1045 871 ⁴
1096 840 1157 901 100

132 942 359 1027 Quodcunque
375 945 507 1027 optaris:
531 945 588 1006 sed
604 954 638 1006 tu
654 942 823 1025 sapientius
837 942 933 1025 opta?

179 1048 317 1111 Finierat
331 1050 477 1111 monitus.
524 1048 623 1112 Dictis
639 1059 744 1111 tamen
760 1047 811 1109 iile
826 1055 992 1130 repugnat,

59 1217 64 1222 .
131 1145 393 1235 Propositumque
409 1163 505 1230 tenet,
522 1154 694 1234 flagratque
710 1152 858 1233 cupidine
873 1150 991 1213 currito.

132 1258 228 1340 Ergo,
244 1259 307 1340 qud
321 1256 408 1321 licuit
422 1258 544 1339 genitor
560 1263 736 1333 cunctatus,
751 1256 793 1318 ad
807 1250 887 1317 altos

131 1360 272 1425 Deducit
281 1362 442 1447 juvenem,
459 1361 614 1424 Vulcania
629 1381 770 1436 munera,
786 1380 904 1422 currus.
1096 1360 1158 1423 106

131 1466 258 1529 Aureus
273 1466 339 1529 axis
354 1476 430 1543 erat,
447 1476 531 1527 temo
546 1486 669 1553 aureus,
685 1486 780 1527 aurea
795 1484 925 1526 summac

129 1569 306 1634 Curvatura
322 1580 416 1647 rotae;
440 1564 596 1633 radiorum
612 1581 779 1652 argenteus
794 1570 881 1632 ordo.

129 1674 193 1739 Per
204 1675 280 1760 juga
295 1673 484 1759 chrysolithi,
501 1674 674 1757 positaeque
689 1696 729 1737 er
744 1673 853 1737 ordine
869 1694 1014 1755 gemo,

11 1867 13 1870 v
129 1780 226 1843 Clara
241 1790 429 1867 repercusso
438 1778 612 1843 reddebant
626 1779 747 1842 lumina
761 1778 892 1843 Phoebo.

131 1885 278 1967 Dumque
294 1907 333 1948 ea
347 1884 745 1966 magnanimusPhaiithon
759 1884 897 1960 miratur,
913 1902 1057 1965 opusque
1094 1886 1158 1947 110

132 1989 293 2072 Perspicit,
310 2010 385 2051 ecce
401 1988 475 2069 vigil
491 1988 581 2049 rutilo
597 1986 745 2069 patefecit
759 1986 800 2048 ab
813 1995 885 2047 ortu

132 2094 306 2177 Purpureas
323 2092 443 2183 Aurora
459 2091 550 2168 tores,
566 2102 599 2153 et
614 2091 707 2173 plena
723 2111 861 2153 rosarum

131 2196 230 2262 Atn'a.
277 2197 454 2279 Diffugiunt
469 2196 576 2273 stella,
593 2216 723 2279 quarum
738 2183 864 2277 agmina
878 2195 964 2279 cogit

131 2304 269 2380 Lucifer,
285 2313 318 2366 et
332 2302 403 2366 coeli
419 2303 552 2365 statione
568 2302 754 2365 novissimus
769 2301 843 2364 exit.

177 2407 220 2470 At
236 2418 323 2490 pater
338 2419 373 2471 ut
388 2418 483 2471 terras
498 2408 713 2489 mundumque
730 2407 894 2470 rubescere
910 2407 998 2485 vidit,
1092 2409 1155 2470 115

129 2512 319 2595 Comuaque
334 2524 483 2575 extreme
501 2512 585 2574 vetut
600 2531 788 2574 evanescere
804 2511 898 2589 lunae,

131 2616 151 2680 1
153 2638 269 2700 ungere
284 2638 382 2700 equos
397 2618 493 2684 'litun
509 2616 667 2679 velocibus
683 2616 814 2697 imperat
829 2615 935 2678 Horis,

132 2721 223 2785 Jussa
239 2724 307 2786 deae
324 2722 440 2785 celeres
456 2731 620 2805 peragunt,
637 2720 805 2803 ignemque
820 2730 993 2802 vomentes,
1049 2768 1053 2774 .
1117 2753 1119 2757 v

132 2825 305 2891 Ambrosiae
321 2849 416 2891 succo
432 2838 561 2903 saturos,
578 2826 768 2909 praesepibus
783 2824 853 2887 altis

131 2930 364 3013 Quadrupedes
379 2933 510 3009 ducunt,
526 2931 710 3012 adduntque
725 2930 869 2993 sonantia
884 2930 992 2993 strena.
1093 2934 1156 2996 120

173 3034 258 3100 'Tum
275 3046 362 3119 pater
376 3057 431 3098 ora
440 3034 498 3097 sui.
509 3056 598 3097 sacro
613 3034 822 3097 medicamine
837 3034 904 3097 nati

129 3138 280 3223 Contigit,
297 3150 329 3203 et
344 3140 461 3222 rapidae
478 3139 552 3202 fecit
568 3139 719 3221 patientia
733 3138 878 3216 flammas,

131 3244 343 3327 Imposuitque
360 3266 459 3308 comae
476 3244 596 3319 radios;
621 3263 822 3325 praesagaque
837 3242 939 3307 luctirs

131 3347 262 3411 Pectore
277 3348 408 3411 sollicito
423 3358 568 3431 repetens
584 3346 723 3430 suspiria,
739 3347 835 3411 dixit:

131 3452 186 3515 ‘Si
202 3463 291 3535 potes
308 3453 358 3517 hic
372 3453 482 3517 saltem
498 3452 622 3515 monitis
638 3474 746 3535 parere
761 3454 918 3535 paternis;
1091 3456 1154 3525 ,101

131 3556 237 3636 Parce,
253 3580 341 3641 puer,
358 3557 498 3635 stimulis,
514 3568 546 3620 et
561 3558 669 3620 fortids
683 3568 771 3628 utere
787 3558 869 3622 loris.

132 3663 252 3744 Sponte
268 3663 325 3725 sud
339 3672 523 3749 properant5
546 3660 633 3741 labor
648 3672 696 3726 est
710 3662 850 3726 inhibere
866 3663 1018 3726 volentes.

132 3766 162 3829 N
164 3786 202 3835 00
217 3767 272 3839 tibi
289 3768 423 3853 errator
438 3766 561 3855 placcat
575 3765 625 3833 va
641 3766 779 3849 quaque
794 3786 850 3846 pa
864 3786 966 3849 mua
