2567 4209
166 296 210 359 82
442 291 561 343 ovln·s
583 287 909 341 METAMORPHOSES.

164 461 298 525 Lumina
312 462 491 539 rersbrunt3
514 462 651 526 animam
666 459 757 523 simul
771 458 964 522 exhalabunt.

164 567 307 650 Adspicit
322 566 492 650 Alphenor,
508 567 684 649 laniataque
699 576 825 648 pectora
840 564 990 646 plangens

164 671 310 751 Advolat,
326 681 361 735 ut
374 672 493 755 gelidos
508 670 721 754 complexibus
735 669 848 732 allevet
861 679 955 745 artus,

164 774 263 861 Inque
279 778 332 859 pio
345 778 429 841 cadit
445 778 565 841 officio:
590 798 665 841 nam
680 774 788 838 Delius
803 774 846 838 illi

164 878 278 946 Intima
293 882 413 946 fatifero
428 882 543 964 rumpit
557 881 728 963 precordia
743 879 833 942 serto.

165 985 262 1055 Quod
279 987 368 1051 simul
383 988 541 1065 eductum,
557 1008 626 1069 pars
641 996 689 1049 est
704 984 858 1068 pulmonis
872 984 905 1047 in
920 982 1022 1046 hamis

165 1090 272 1169 Eruta,
288 1114 421 1175 cumque
436 1092 540 1155 animai
555 1113 644 1155 cruor
659 1101 707 1153 est
720 1090 838 1153 effusus
852 1090 885 1152 in
900 1110 1000 1153 auras.

165 1194 210 1259 At
224 1218 287 1260 non
302 1197 460 1261 intonsum
474 1196 603 1279 simplex
619 1195 883 1259 Damasichthona
897 1194 1009 1256 vulnus

165 1300 282 1365 Allicit.
328 1302 412 1365 lctus
428 1312 503 1379 erat,
519 1302 582 1384 quh
596 1322 667 1363 crus
682 1320 749 1363 esse
765 1298 883 1381 incipit,
898 1308 931 1361 et
945 1299 1009 1380 qus

166 1404 274 1470 Mollia
288 1428 434 1471 nervosus
451 1406 523 1471 lacit
539 1406 713 1469 internodia
728 1404 846 1487 poples.

166 1508 312 1593 Dumque
328 1533 423 1575 manu
439 1522 537 1575 tentat
553 1511 673 1574 trahere
688 1510 842 1573 exitiabile
858 1508 965 1585 telum,

167 1614 275 1677 Altera
289 1636 344 1697 per
354 1614 497 1699 jugulum
512 1616 623 1698 pennis
638 1626 729 1679 tenus
744 1624 814 1679 acta
828 1615 940 1696 sagitta
953 1622 1010 1675 est.

167 1717 294 1800 Expulit
308 1718 390 1783 hanc
404 1720 539 1802 sanguis,
555 1742 650 1803 seque
665 1719 833 1805 eiaculatus
847 1719 879 1782 in
894 1718 992 1781 altum

167 1825 299 1905 Emicat,
314 1837 347 1891 et
361 1827 452 1912 longe
469 1829 622 1892 terebrath
638 1828 756 1910 prosilit
769 1827 854 1891 aurs.
954 1901 956 1906 Ι

166 1931 301 1997 Ultimus
316 1931 453 1997 Ilioneus
468 1955 531 1997 non
547 1934 722 2016 profectura
737 1933 894 2014 precando

166 2036 299 2102 Brachia
313 2039 492 2103 sustulerat:
519 2037 641 2120 ‘Dique
657 2058 677 2100 o
691 2036 897 2100 communiter
911 2035 1040 2113 omnes,’
1128 2041 1189 2101 115

166 2140 304 2221 Dixerat,
323 2144 461 2231 (ignarus
477 2166 539 2207 non
556 2164 665 2207 omnes
679 2162 748 2205 esse
763 2140 932 2227 rogandos)

168 2246 328 2310 ‘Parcite'
375 2247 482 2311 Motus
497 2259 573 2325 erat,
590 2248 661 2311 crim
673 2248 738 2331 jam
753 2246 925 2311 revocabile
940 2246 1037 2309 telum

168 2351 242 2413 Non
258 2349 325 2429 luit,
340 2350 543 2417 Arcitenens:
567 2352 697 2415 minimo
712 2362 817 2414 tamen
832 2351 948 2413 occidit
962 2350 1014 2413 ille

166 2454 314 2532 Vulnere,
330 2477 393 2519 non
407 2456 469 2520 alte
487 2478 633 2540 percusso
649 2457 742 2521 corde
758 2456 879 2538 sagitte.

211 2560 308 2624 Fama
322 2561 404 2640 mali,
421 2562 588 2645 populique
603 2560 701 2639 dolor,
718 2562 924 2644 lacrymaeque
939 2582 1067 2623 suorum
1126 2566 1187 2626 120

167 2666 248 2730 Tam
264 2665 374 2729 subite
390 2678 520 2731 matrem
535 2677 652 2731 certam
668 2666 770 2730 secere
785 2665 895 2743 ruinae,

167 2769 335 2834 Mirantem
351 2771 496 2853 potuisse,
512 2773 756 2852 irascentemque
771 2770 855 2853 qudd
870 2770 938 2833 ausi

167 2873 239 2937 Hoc
254 2884 358 2938 essent
373 2876 485 2958 superi,
501 2876 585 2958 quod
601 2886 723 2939 tantum
733 2875 810 2960 juris
825 2874 985 2939 haberent

167 2977 251 3042 Nam
267 2989 354 3061 pater
369 2978 537 3061 Amphion,
555 2980 634 3043 ferro
650 3000 706 3062 per
720 2991 828 3062 pectus
843 2980 966 3057 adacto,

167 3082 304 3147 Finierat
317 3084 451 3147 moriens
467 3084 580 3167 pariter
595 3106 667 3148 cnm
682 3084 752 3147 luce
766 3084 915 3147 dolorem.
1123 3089 1182 3149 125

211 3187 284 3251 Heu
301 3191 449 3270 quantum
464 3190 534 3254 haec
549 3189 652 3253 Niobe
670 3188 771 3253 Niobe
786 3189 918 3251 distabat
933 3188 973 3252 ab
988 3187 1050 3266 ills,

168 3292 251 3362 Quae
267 3293 361 3356 modb
376 3293 484 3357 Latois
499 3294 648 3377 populum
664 3293 861 3356 submoverat
874 3294 945 3370 aris,

168 3396 209 3459 Et
223 3396 358 3459 mediam
374 3396 486 3461 tulerat
499 3419 621 3479 gressus
637 3398 783 3479 resupina
797 3417 853 3479 per
870 3397 987 3476 urbem,

167 3499 323 3563 Invidiosa
338 3501 410 3579 suis,
426 3511 459 3565 at
474 3523 558 3565 nunc
574 3502 750 3565 miseranda
764 3501 813 3564 vel
828 3500 928 3564 hosti!

166 3603 354 3688 Corporibus
369 3605 478 3687 gelidis
493 3606 654 3683 incumbit,
671 3616 703 3668 et
718 3607 828 3669 ordine
843 3605 930 3669 nullo
1121 3610 1180 3671 130

166 3708 284 3772 Oscula
299 3709 457 3791 dispensat
472 3720 561 3773 natos
576 3729 721 3791 suprema
735 3730 792 3790 per
805 3730 925 3771 omnes.
