2567 4209
538 300 635 349 BOOK
659 299 732 351 XIII.

86 462 232 547 Arguit
246 467 375 550 incepto
390 490 493 532 serum
507 471 676 534 accessisse
693 471 809 537 labori?

90 568 184 633 Nec
202 594 238 635 se
254 575 454 656 magnanimo
469 576 655 640 maledicere
673 578 766 641 sentit
782 577 918 644 Achilli?

94 676 144 739 Si
162 677 329 740 simulasse
345 691 435 742 vocat
450 680 578 758 crimen,
594 681 805 746 simulavimus
820 684 923 748 ambo.

96 780 143 843 Si
161 803 255 845 mora
271 804 327 865 pro
342 784 434 868 culpi
448 798 506 864 est,
522 808 582 869 ego
597 808 666 850 sum
681 789 829 851 maturior
845 788 907 853 illo.
1071 796 1138 858 300

97 884 168 949 Me
185 888 240 970 pia
254 890 389 953 detinuit
402 893 514 976 conjux
528 915 535 969 ;
560 894 611 974 pia
625 903 725 956 mater
740 893 913 959 Achillem:

98 990 280 1075 Primaque
296 1007 369 1057 sunt
383 995 440 1058 illis
456 998 529 1060 data
545 1008 697 1079 tempora,
713 1010 817 1062 catera
832 999 930 1063 vobis.

99 1095 212 1160 Haud
229 1099 334 1176 timeo,
350 1100 452 1185 sijam
468 1123 591 1185 nequeo
606 1104 776 1166 defendere
792 1105 911 1167 crimen

101 1202 198 1265 Cum
215 1214 303 1266 tanto
318 1226 485 1269 commune
501 1208 575 1269 viro.
621 1208 801 1289 Deprensus
817 1208 937 1292 Ulyssis

102 1305 246 1389 Ingenio
262 1320 366 1373 tamen
382 1311 450 1388 ille;
474 1322 507 1374 at
522 1334 584 1374 non
602 1312 718 1396 Aiacis,
731 1312 868 1396 Ulysses.
1067 1318 1134 1381 305

157 1412 249 1477 Neve
264 1416 296 1477 in
312 1436 364 1478 me
379 1415 500 1480 stolidae
516 1417 657 1480 convicia
673 1416 803 1481 fundere
819 1417 936 1501 linguas

106 1518 313 1583 Admiremur
328 1542 418 1584 eum:
444 1521 530 1585 vobis
545 1522 669 1604 qudque
685 1523 780 1605 digna
795 1524 915 1606 pudore

105 1623 240 1709 Objioit.
286 1626 337 1689 An
354 1626 431 1690 falso
447 1627 634 1690 Palameden
651 1628 779 1691 crimine
795 1637 886 1711 turpe

107 1729 286 1794 Accusbssc
301 1732 386 1809 mihi,
403 1732 489 1795 vobis
505 1733 669 1795 damnbsse
685 1734 833 1795 decorum
849 1736 919 1797 est?

108 1836 178 1899 Sed
194 1858 295 1919 neque
311 1836 503 1919 Naupliades
519 1837 638 1899 facinus
654 1837 824 1901 defendere
840 1848 973 1916 tantum,
1062 1844 1130 1905 310

107 1940 254 2023 Tamque
270 1952 389 2023 patens,
406 1941 517 2003 valuit:
543 1960 673 2003 necros
688 1940 819 2003 audistis
835 1942 867 2004 in
884 1942 937 2005 illo

107 2045 266 2124 Crimina;
290 2046 418 2123 vidistis,
435 2046 594 2127 pretioque
610 2045 731 2129 objecta
748 2045 907 2127 patebant.

155 2148 225 2214 Nec
239 2151 442 2214 Poeantiaden
460 2150 544 2232 qubd
560 2149 655 2213 habet
670 2149 820 2214 Vulcania
837 2151 985 2232 Lemnos,

110 2256 185 2319 Esse
202 2278 271 2320 rcus
286 2255 402 2319 merui:
427 2255 544 2317 factum
559 2255 720 2317 defendite
737 2266 882 2335 vestrum,

109 2362 313 2424 consensistis
328 2361 428 2423 enim:
454 2381 513 2423 nec
528 2381 578 2421 me
593 2359 725 2423 suasisse
741 2361 873 2443 negabo,
1059 2368 1126 2430 315

110 2466 155 2530 Ut
168 2488 200 2529 se
215 2466 408 2528 subtraheret
422 2464 558 2546 bellique
574 2465 695 2546 viaeque
710 2464 816 2542 labori,

111 2572 318 2652 Tentaretquc
333 2569 414 2631 feros
430 2570 535 2651 requie
551 2568 646 2631 lenire
662 2568 795 2632 dolores.

111 2676 220 2752 Pamit,
236 2686 269 2737 et
283 2674 367 2737 vivit.
414 2673 488 2736 Non
504 2674 573 2736 haec
588 2673 745 2736 sententia
760 2675 879 2737 tantum

112 2780 194 2858 Fida,
210 2782 265 2844 sed
281 2792 313 2843 et
328 2778 422 2857 felix3
446 2780 517 2841 clim
532 2779 572 2840 sit
587 2779 670 2855 satis,
688 2798 755 2841 esse
771 2778 907 2844 fidelem.

112 2885 211 2953 Quem
227 2886 374 2967 quoniam
390 2895 476 2947 vates
490 2883 626 2947 delenda
640 2885 681 2947 ad
697 2883 849 2967 Pergama
864 2898 1008 2969 poscunt,
1057 2892 1124 2954 32⁰

113 2988 160 3052 Ne
173 2989 317 3053 mandate
333 2989 425 3051 mibi:
449 2987 558 3051 melius
573 2988 776 3052 Telamonius
791 2988 857 3068 ibit,

114 3093 295 3177 Eloquioque
312 3094 409 3155 virum
426 3092 539 3155 morbis
554 3092 661 3173 ireque
676 3092 830 3155 furentem

114 3198 236 3277 Mollia,
252 3209 307 3262 aut
320 3198 423 3280 aliqud
439 3199 590 3280 producet
605 3194 735 3257 callidus
749 3206 826 3258 artc.

116 3304 189 3369 Ante
203 3316 285 3367 retro
301 3304 415 3367 Simois
430 3302 516 3379 fluet,
533 3312 564 3363 et
580 3300 646 3362 sine
662 3294 823 3362 frondibus
839 3300 895 3365 Ide

116 3410 214 3487 Stabit,
230 3420 263 3472 et
276 3408 424 3473 auxilium
440 3406 598 3489 promittet
614 3404 735 3468 Achaia
751 3405 865 3490 Trojae‚
1054 3413 1120 3476 325

116 3517 219 3592 Quini,
235 3524 376 3577 cessante
392 3533 463 3575 meo
478 3532 535 3593 pro
550 3510 657 3573 vestris
673 3520 798 3592 pectore
814 3510 916 3589 rebus,

117 3620 205 3705 Aiacis
219 3619 323 3683 stolidi
338 3616 457 3681 Danais
472 3615 607 3678 sollertia
622 3614 729 3694 prosit.

118 3726 160 3791 Sis
170 3724 239 3789 lic'et
254 3724 384 3787 infestus
398 3720 501 3797 sociis,
517 3719 655 3800 regique,
672 3716 819 3797 mihique,
