2567 4209
159 328 222 395 160
432 316 553 371 ovtn's
575 300 910 365 muttonenosus.

155 494 273 561 Omnia
286 500 464 559 mutentur:
488 485 567 553 nihil
581 482 696 549 interit.
743 477 844 551 Erret,
860 480 894 535 et
908 465 998 531 illinc

156 598 232 665 Huc
246 599 341 676 venit,
357 596 433 661 ltine
446 593 530 670 illuc,
545 602 579 655 et
593 586 749 673 quoslibet
763 586 899 659 occupet
913 580 1004 636 artus

158 704 309 790 Spiritus:
333 703 415 785 eque
430 698 504 763 feris
517 698 656 761 humana
670 692 704 755 in
719 706 849 769 corpora
864 676 987 752 transit,

156 810 258 894 Inque
273 808 353 873 feres
367 816 491 871 noster:
515 822 577 865 nec
590 810 732 879 tempore
747 788 868 874 deperit
883 783 958 847 ullo.

157 914 264 998 thue
279 912 368 976 novis
384 909 498 993 frugil'u
513 907 654 989 signetur
669 920 742 965 cere
755 894 872 979 figuris,
1137 878 1196 940 110

159 1020 231 1085 Nec
245 1028 353 1083 manet
367 1026 404 1079 ut
418 1014 529 1090 lueret,
545 1030 605 1073 uec
620 1009 734 1071 formas
750 1008 852 1065 servat
866 993 995 1058 easdem
1009 1010 1019 1065 ;

161 1124 228 1190 Sed
242 1134 348 1187 temen
362 1121 431 1203 ipse
445 1119 558 1181 eedem
572 1123 638 1178 est:
662 1110 801 1174 unimam
816 1103 861 1165 sic
876 1115 1003 1178 semper
1019 1087 1163 1154 eandem

159 1228 248 1306 Esse,
265 1228 321 1291 sed
336 1226 370 1289 in
384 1224 485 1287 varius
498 1222 600 1284 doceo
615 1216 747 1297 migrare
763 1210 887 1291 figures.

161 1333 256 1417 Ergo,
272 1353 313 1395 ne
328 1331 428 1414 pietus
442 1327 482 1389 sit
497 1326 580 1388 victe
594 1319 744 1403 cupidine
759 1311 886 1387 ventris,

161 1438 293 1514 Parcite,
309 1435 470 1510 vaticinor,
485 1438 636 1513 cognatus
650 1424 740 1491 caedc
757 1414 895 1483 nefande
1138 1400 1195 1464 115

162 1544 335 1608 Exturbure
349 1542 487 1605 animes:
511 1556 573 1615 uec
586 1532 739 1616 sunguine
756 1523 883 1608 sanguis
896 1520 1010 1585 ulatur.

207 1751 259 1830 Et,
275 1749 422 1835 quoniam
437 1766 554 1831 magno
568 1746 650 1808 seror
665 1758 805 1823 equore,
821 1734 979 1818 pleneque
994 1722 1103 1787 ventis

163 1857 243 1922 Vela
258 1855 342 1933 dedi,
358 1852 435 1918 nihil
449 1862 499 1915 est
512 1862 580 1915 toto
594 1848 680 1932 quod
696 1851 814 1928 perstet
828 1840 862 1902 in
877 1835 962 1899 orbe.

163 1961 288 2026 Cuncta
302 1962 414 2036 fluunt,
429 1956 595 2037 omnisque
609 1970 727 2034 rugans
743 1947 894 2011 innuatur
908 1940 1024 2019 imago.

165 2066 238 2148 lpse
253 2066 377 2149 queque
392 2062 525 2126 adsiduo
539 2058 686 2122 labuntur
702 2065 844 2133 tempore
858 2055 947 2109 motu
1138 2035 1194 2095 120
1269 2042 1270 2109 l

165 2169 241 2232 Non
256 2170 346 2233 secus
360 2190 399 2231 sc
413 2167 541 2230 flumen.
588 2162 702 2243 Neque
717 2157 803 2220 enirn
819 2150 989 2217 consistere
1005 2144 1142 2216 flumen,

165 2268 238 2331 Nec
251 2269 328 2331 levis
343 2270 420 2333 hore
434 2276 553 2351 potest:
578 2263 645 2340 sed,
662 2270 697 2324 ut
711 2258 798 2322 uude
813 2250 980 2335 impellitur
997 2243 1102 2319 undi,

165 2373 365 2455 Urgeturque
381 2372 463 2454 prior
477 2368 626 2445 venienti,
642 2374 793 2447 urgetque
809 2360 955 2443 priorem,

167 2477 326 2558 Tempora
341 2476 386 2539 sic
401 2475 526 2557 lugiunt
539 2472 664 2555 puriter,
680 2467 856 2552 pariterque
873 2465 1060 2542 sequuntur,

169 2580 211 2644 Et
220 2601 302 2643 nove
311 2591 384 2644 sunt
392 2598 532 2661 semper:
552 2596 627 2638 nam
636 2573 722 2657 quod
734 2568 888 2642 iuuante,
899 2562 1124 2627 relictumest:
1140 2555 1196 2616 125

168 2684 292 2766 Fitque,
307 2686 393 2766 quod
408 2683 493 2747 haud
508 2681 625 2743 lueret:
651 2684 873 2754 momentaque
892 2675 1011 2732 cuncte
1032 2668 1195 2725 noventur.

169 2788 280 2849 Cernis
295 2798 328 2849 et
342 2806 476 2850 emersas
491 2786 523 2848 in
539 2785 642 2847 lucem
658 2781 787 2845 tendere
802 2785 923 2851 noctes,

171 2891 213 2955 Et
224 2889 315 2973 juber
330 2889 391 2952 hoc
407 2888 539 2950 nitidum
554 2887 652 2969 nigrae
668 2883 836 2949 succedere
852 2876 950 2942 nocti.

171 2994 243 3059 Nec
258 2992 343 3057 color
356 3002 405 3055 est
418 2990 502 3054 idem
517 2990 609 3068 coelo,
625 2992 697 3053 cum
712 2988 792 3051 larsa
807 2984 912 3067 quiete

171 3100 295 3164 Cuncta
307 3100 414 3184 jacent
428 3095 543 3173 medii,
558 3096 692 3175 cumque
707 3091 779 3155 elbo
794 3086 923 3151 Lucifer
938 3082 1005 3148 exit
1140 3080 1196 3143 130

172 3205 281 3267 Clarus
296 3224 395 3285 equo:
419 3220 601 3281 rursumque
616 3198 706 3273 ulius,
722 3196 793 3258 ciuu
808 3190 926 3274 praevie
941 3186 1005 3251 luci

173 3305 378 3367 Tradendum
393 3302 513 3365 Phoebo
528 3300 695 3365 Pallantias
710 3298 811 3378 inlicit
822 3294 941 3357 orbern.

174 3406 246 3485 Ipse
261 3403 313 3464 dei
328 3403 465 3484 clypeus,
481 3404 562 3465 terri
577 3404 648 3465 curn
665 3399 780 3463 tollitur
795 3397 869 3471 ins,

175 3504 272 3565 Mane
288 3503 388 3578 rubet,
404 3501 556 3578 terrisque,
571 3504 671 3576 rubet,
688 3502 759 3563 ciun
775 3499 920 3562 conditur
935 3496 1019 3559 ituri:

175 3602 336 3665 Candidus
351 3602 383 3662 in
399 3619 520 3661 summo
534 3611 592 3676 est,
607 3604 714 3665 melior
729 3612 840 3663 nature
854 3600 940 3681 qued
956 3599 1022 3661 illic
1139 3598 1192 3660 135

176 3697 313 3761 AEtheris
327 3708 384 3773 est,
400 3708 551 3777 terreque
566 3701 674 3780 procul
689 3700 834 3780 contagia
848 3700 935 3761 vitat
