2567 4209
404 612 473 654 THE
496 612 668 655 mnesteus
692 616 731 657 Οἳ
756 614 863 657 HIDAS·

167 794 235 874 llle,
251 818 378 879 perosus
391 821 477 882 opes,
495 800 586 864 silvas
600 813 633 865 et
649 824 720 865 rura
735 801 867 881 colebat,

118 899 273 983 Panaque
288 906 442 968 montanis
458 906 649 970 habitantem
666 929 787 990 semper
803 909 834 971 in
851 908 956 973 antris.

119 1006 244 1089 Pingue
259 1010 315 1071 sed
331 1009 490 1092 ingenium
506 1012 629 1090 mansit,
647 1014 859 1096 nocituraque,
876 1024 911 1077 ut
925 1012 1011 1092 ante,

120 1112 245 1175 Rursus
260 1125 349 1177 erant
364 1116 492 1179 domino
506 1116 626 1180 stolidae
643 1119 814 1201 praecordia
828 1120 952 1183 mentis.

122 1216 209 1280 Nam
225 1219 304 1282 freta
319 1220 509 1303 prospiciens
524 1222 586 1285 late
602 1224 682 1305 riget
697 1224 812 1287 arduus
827 1225 891 1287 alto

121 1322 255 1386 Tmolus
269 1324 302 1386 in
315 1326 481 1407 adscensu,
498 1326 640 1409 clivoque
656 1339 800 1391 extentus
816 1339 958 1411 utroque,

123 1429 275 1492 Sardibus
291 1431 374 1507 binc,
392 1431 476 1494 illinc
491 1433 592 1514 parvis
608 1420 713 1495 finitur
728 1433 891 1517 Hypaepis.

122 1533 191 1597 Pan
206 1535 249 1597 ibi
265 1536 340 1599 dum
356 1537 471 1599 teneris
482 1538 580 1621 jactat
594 1560 651 1600 sua
666 1539 805 1601 carmina
820 1538 976 1623 nymphis,

122 1637 166 1701 Et
181 1640 248 1703 leue
264 1642 369 1705 cerata
383 1643 560 1705 modulatur
575 1644 728 1707 arundine
745 1666 881 1723 carmen,

123 1747 229 1811 Ausus
245 1747 425 1831 Apollineos
441 1772 504 1832 prae
520 1772 553 1813 se
569 1762 769 1815 contemnere
785 1764 906 1832 cantus,

27 1848 38 1861 '
123 1850 236 1916 Iudice
251 1854 309 1917 sub
325 1855 438 1918 Tmolo
453 1867 611 1919 certamen
627 1857 713 1919 venit
728 1858 769 1919 ad
784 1857 893 1940 impar.

169 1958 280 2021 Monte
295 1980 353 2021 suo
368 1960 470 2022 senior
481 1961 579 2044 judex
595 1961 748 2037 consedit,
764 1972 797 2023 et
811 1982 902 2023 aures

123 2062 251 2127 Liberat
265 2064 436 2128 arboribus.
482 2065 612 2134 Quercu
628 2086 720 2128 corna
734 2066 849 2128 caerula
864 2067 985 2130 tanturn

121 2168 276 2251 Cingitur,
292 2181 325 2233 et
340 2171 480 2252 pendent
496 2171 613 2234 circum
628 2192 706 2234 cava
721 2181 861 2253 tempora
875 2171 1016 2255 glandes.

122 2274 216 2357 Isque
231 2276 326 2339 deum
342 2276 462 2358 pecoris
477 2287 631 2359 spectans,
650 2276 705 2339 ‘In
719 2277 847 2361 judice,'
864 2278 953 2357 dixit,

124 2379 240 2444 ‘Nulla
255 2404 341 2445 mora
354 2383 423 2444 est.'
469 2380 604 2444 Calamis
618 2381 790 2464 agrestibus
805 2382 929 2446 insonat
944 2382 1014 2450 ille:

125 2485 350 2569 Barbaricoque
366 2487 476 2549 Midan
495 2486 617 2574 (aderat
632 2508 705 2549 narn
721 2487 799 2551 sorte
817 2488 958 2575 canenti)

123 2592 269 2655 Carmine
285 2591 411 2655 delenit.
459 2590 537 2654 Post
552 2592 636 2655 bunc
650 2614 738 2655 sacer
753 2614 807 2655 ora
822 2593 945 2656 retorsit

123 2697 255 2761 Tmolus
270 2698 311 2760 ad
326 2719 361 2760 os
377 2696 505 2773 Phoebi;
522 2696 642 2759 vultum
659 2718 715 2759 sua
730 2697 806 2759 silva
820 2708 928 2761 secuta
943 2709 1000 2762 est.

124 2806 180 2869 Ille
196 2818 291 2889 caput
305 2806 420 2869 flavum
436 2803 523 2868 lauro
538 2805 722 2868 Parnasside
738 2805 861 2869 vinctus

124 2912 227 2975 Verrit
242 2912 371 2974 humum
386 2910 484 2994 Tyrio
498 2912 635 2974 saturata
650 2912 766 2975 murice
782 2910 881 2995 palla:

123 3018 372 3098 Distinctamque
388 3016 482 3079 fidem
497 3017 628 3098 gemmis
643 3027 676 3079 et
691 3016 837 3080 dentibus
853 3017 940 3081 Indis

125 3123 267 3188 Sustinet
280 3144 300 3184 a
314 3120 410 3184 laeva:
436 3122 536 3184 tenuit
551 3143 662 3183 manus
677 3121 774 3183 altera
789 3122 951 3203 plectrum.

124 3227 259 3291 Artificis
274 3236 372 3290 status
386 3227 453 3308 ipse
468 3226 537 3288 fuit.
582 3225 667 3287 Tum
684 3225 815 3287 stamina
830 3227 925 3289 docto

124 3332 239 3395 Pollice
254 3331 415 3396 sollicitat:
441 3351 573 3413 quorum
589 3329 755 3393 dulcedine
772 3341 882 3412 captus

124 3438 211 3502 Pana
221 3438 311 3523 jubet
325 3437 457 3501 Tmolus
472 3436 599 3499 citharae
615 3436 796 3499 submittere
812 3458 939 3501 cannas·

166 3543 326 3607 Judicium
342 3542 502 3623 sanctique
519 3540 621 3623 placet
635 3542 791 3604 sententia
805 3544 920 3605 montis

124 3648 289 3712 Omnibus.
335 3646 485 3729 Arguitur
500 3655 617 3722 tamen,
632 3656 727 3726 atque
743 3645 858 3727 injusta
873 3654 1002 3706 vocatur

124 3753 225 3820 Unius
241 3773 383 3817 sermone
398 3750 508 3813 Midae.
555 3748 625 3811 Nec
641 3746 751 3810 Delius
766 3766 856 3809 aures

395 3859 435 3916 10
445 3854 465 3893 '¹‘
