2567 4209
531 326 630 377 boux
653 326 727 377 XIII.

98 496 260 560 Pondere
275 506 363 561 tauta
377 497 473 561 feret:
498 518 559 561 nec
573 518 637 561 non
653 518 785 564 onerosa
799 496 963 578 gravisque

101 601 217 664 Pelias
231 623 299 664 esse
315 612 418 684 potest
431 601 605 667 imbellibus
620 602 709 665 hasta
724 600 865 667 lacertis:

106 706 187 769 Nec
202 707 340 789 clypeus,
356 708 433 770 vasti
448 707 576 771 caelutus
591 707 726 789 imagine
741 706 862 785 mundi,

106 810 290 875 Conveniet
305 812 432 889 timidae,
448 822 592 894 nutaeque
606 813 649 875 ed
665 811 745 875 furta
761 811 902 875 sinistrae.

105 915 354 979 Debilitaturum
370 916 445 999 quid
461 929 492 980 te
508 916 598 999 petis,
613 916 764 999 improbe,
780 919 916 980 munus?

108 1021 214 1089 Quod
230 1021 285 1084 tibi
300 1022 326 1083 si
341 1021 448 1103 populi
463 1021 626 1085 donaverit
641 1042 725 1085 error
740 1020 866 1099 Achivi,

107 1125 180 1187 Cur
194 1126 343 1207 spolieris,
359 1126 435 1203 erit3
459 1148 534 1203 non,
550 1148 606 1189 cur
620 1126 768 1189 metuaris
784 1127 824 1190 ab
840 1126 940 1189 hoste.

111 1230 157 1292 Et
174 1231 257 1313 suga,
274 1232 338 1313 qud
353 1230 419 1293 sold
433 1241 574 1308 cunctos,
590 1230 794 1308 timidissime,
810 1231 918 1307 vincis,
1074 1234 1135 1294 115

112 1335 221 1398 Tarda
237 1336 341 1398 futura
355 1336 411 1399 tibi
425 1346 483 1413 est,
498 1335 673 1418 gestamina
689 1346 775 1398 tanta
790 1336 934 1398 trahenti.

112 1438 220 1516 Adde,
236 1440 322 1522 qubd
337 1440 394 1503 iste
410 1450 491 1516 tuus,
508 1451 572 1503 tam
588 1440 656 1503 rard
673 1439 781 1521 proelia
795 1460 914 1522 passus,
947 1486 950 1491 ·

114 1545 241 1626 Integer
255 1555 304 1607 est
319 1544 465 1627 clypeus:
490 1556 606 1622 nostro,
622 1544 675 1627 qui
691 1544 753 1608 tela
768 1545 898 1609 ferendo

114 1649 204 1711 Mille
220 1660 306 1731 patet
321 1650 427 1732 plagis,
444 1672 542 1714 novus
556 1660 604 1713 est
619 1671 779 1713 successor
795 1650 966 1715 habendus.

160 1753 315 1836 Denique,
326 1755 401 1837 quid
413 1754 513 1819 verbis
528 1777 607 1837 opus
621 1758 691 1819 est?
712 1767 888 1838 spectemur
904 1757 1045 1839 agendo:
1072 1759 1135 1818 120

115 1859 213 1921 Arma
230 1859 284 1922 viri
300 1859 386 1922 fortis
400 1860 521 1923 medios
535 1860 697 1923 mittantur
712 1860 744 1923 in
760 1860 883 1935 hostes3

116 1964 195 2028 lnde
207 1964 316 2049 jubete
332 1964 414 2047 peti:
438 1975 471 2029 et
486 1964 672 2027 referentem
688 1973 795 2027 ornate
811 1963 935 2027 relatis.'

445 2231 571 2273 SPEECH
596 2234 635 2274 OF
659 2233 805 2274 ULYSSES.

160 2386 297 2451 Finierat
311 2386 483 2450 Telamone
499 2398 593 2465 satus,
609 2388 754 2471 vulgique
770 2398 912 2451 secutum

114 2492 233 2556 Ultima
247 2514 385 2556 murmur
400 2503 482 2555 erat:
507 2493 610 2555 donec
625 2492 768 2555 Laertius
782 2493 874 2557 heros

116 2597 255 2675 Adstitit,
271 2609 364 2679 atque
380 2596 486 2660 oculos
502 2596 628 2679 paulum
644 2596 752 2659 tellure
768 2608 902 2660 moratos
1072 2600 1134 2660 125

117 2703 250 2768 Sustulit
263 2704 304 2765 ad
319 2722 472 2784 proceres,
489 2712 729 2783 exspectatoque
746 2701 870 2763 resolvit

116 2813 182 2876 Ora
195 2832 291 2876 sono:
316 2831 418 2892 neque
432 2809 522 2873 abest
536 2809 678 2872 facundis
693 2810 792 2892 gratia
807 2809 909 2873 dictis.

162 2918 215 2981 ‘Si
229 2937 301 2979 mea
315 2937 388 2979 cum
403 2915 510 2978 vestris
524 2914 693 2978 valuissent
708 2926 789 2992 vota,
806 2916 937 2998 Pelasgi,

117 3022 190 3086 Non
206 3022 286 3085 foret
299 3020 463 3102 ambiguus
478 3020 557 3082 tanti
572 3020 748 3083 certaminis
764 3020 870 3083 heres:

117 3127 228 3208 Tuque
244 3126 305 3188 tuis
320 3125 421 3201 armis,
438 3146 494 3186 nos
511 3130 541 3185 te
557 3134 744 3205 poteremur,
761 3123 893 3187 Achille.
1072 3126 1134 3189 130

117 3232 223 3300 Quem
238 3230 387 3313 quoniam
403 3251 466 3292 non
482 3250 573 3310 aequa
587 3228 664 3289 mihi
681 3226 827 3309 vobisque
843 3227 998 3309 negdrunt

116 3337 213 3414 Fata,'
234 3336 405 3424 (manuque
420 3332 510 3396 simul
526 3332 620 3395 veluti
635 3331 939 3415 lacrymantiatersit

116 3438 275 3525 Lumina‚)
293 3440 381 3520 ‘quis
396 3458 511 3519 magno
525 3436 634 3500 melitis
649 3437 799 3501 succedat
814 3437 937 3517 Achilli,

119 3548 224 3618 Quam
239 3564 402 3628 perquem
417 3563 550 3623 mugnus
565 3541 683 3605 Danais
699 3542 847 3607 successit
862 3542 1020 3607 Achilles?

161 3651 245 3715 Huic
260 3648 355 3713 modb
370 3668 411 3710 ne
427 3646 533 3728 prosit,
549 3646 643 3727 qubd,
660 3656 695 3707 ut
710 3657 767 3723 est,
783 3645 879 3707 hebes
893 3666 961 3707 esse
977 3645 1113 3716 videtur:

121 3757 207 3822 Neve
221 3753 298 3819 mihi
313 3761 436 3827 noceat,
450 3750 535 3832 qubd
551 3748 638 3812 vobis
653 3768 785 3830 semper,
802 3746 924 3822 Achivi,
1073 3744 1135 3803 136

386 3859 427 3918 12
