2567 4209
531 312 630 363 BOOK
653 312 710 363 XV.

73 474 127 539 N
127 498 176 541 ec
192 500 252 561 par
266 489 323 543 aut
336 482 448 546 eadem
464 494 627 547 nocturnae
643 485 742 549 t'orma
757 483 870 547 Dianae

72 579 182 645 Esse
199 594 306 665 potest
321 608 477 670 unquam:
502 610 686 672 semperque
702 589 853 653 hodierna
867 600 1031 672 sequente,

78 687 133 750 Si
153 690 283 769 crescit,
298 692 401 755 minor
414 703 481 771 cst3
505 695 612 779 major,
629 694 655 757 si
670 694 826 758 contrahit
841 694 960 758 orbem.

145 794 264 863 Quid?
289 818 353 860 non
369 798 407 861 iri
417 800 537 881 species
552 802 721 864 succedere
736 809 870 883 quatuor
884 820 1004 865 annum
1071 806 1134 867 140

80 897 263 983 Adspicis,
280 904 381 966 aetatis
396 916 599 987 peragentem
614 906 787 969 imitamina
802 908 938 970 nosuae?

81 1004 188 1069 Nam
206 1017 305 1086 tener,
320 1018 354 1071 et
368 1008 497 1088 lactens,
513 1010 664 1093 puerique
679 1010 850 1075 simillimus
865 1032 935 1077 aevo

81 1110 186 1174 Vere
202 1134 287 1175 novo
302 1123 360 1177 est.
405 1114 501 1179 Tunc
514 1114 612 1179 herbe
626 1116 740 1194 nitens,
756 1126 789 1179 et
804 1116 921 1180 roboris
937 1138 1048 1200 expers

82 1205 234 1299 Turget,
250 1229 283 1281 ct
298 1218 431 1283 insolida
445 1230 503 1298 est,
518 1229 551 1285 et
565 1242 621 1304 spe
637 1221 773 1285 delectat
788 1232 953 1305 agrestem.

86 1322 221 1385 Omnia
236 1333 304 1386 tum
319 1325 450 1403 florent3
474 1327 648 1410 florumque
664 1326 817 1391 coloribus
832 1327 932 1391 alrnus
1066 1334 1129 1394 145

87 1426 200 1491 Ridet
214 1450 306 1511 ager:
332 1452 435 1514 neque
450 1432 555 1495 adhuc
570 1432 666 1495 virtus
682 1434 714 1497 in
729 1432 890 1497 frondibus
906 1432 969 1497 ulls
982 1445 1041 1499 est.

87 1533 229 1598 Transit
243 1535 277 1597 in
292 1534 458 1615 AEstatem‚
475 1549 547 1619 post
562 1538 635 1615 Ver,
652 1538 804 1601 robustior
819 1537 952 1619 Annus;

90 1638 215 1721 Fitque
230 1640 337 1705 valens
348 1643 491 1726 juvenis:
516 1664 619 1726 neque
635 1644 720 1707 enirn
736 1644 890 1709 robustior
904 1656 982 1709 aetas

89 1744 182 1821 Ulla,
198 1767 260 1809 nec
275 1747 407 1825 uberior,
422 1770 492 1827 nec,
508 1771 579 1832 quae
595 1750 694 1832 magis
708 1760 831 1827 metuet,
848 1750 912 1814 ulla
927 1762 984 1817 est.

92 1851 226 1935 Excipit
240 1852 432 1933 Autumnus,
447 1856 550 1937 posito
566 1856 685 1919 fervore
697 1857 836 1940 juventae
1063 1863 1125 1923 150

92 1957 254 2036 Maturus,
269 1960 426 2043 mitisque,
440 1961 522 2024 inter
533 1961 745 2045 juvenemque
761 1981 931 2043 senemque

93 2063 265 2146 Temperie
281 2067 414 2143 medius,
429 2066 543 2148 sparsis
558 2087 615 2148 per
629 2076 772 2149 tempora
786 2066 884 2130 cauis.

94 2168 178 2233 Inde
193 2171 297 2234 senilis
312 2171 424 2235 Hiems
439 2172 572 2236 tremulo
587 2172 674 2235 venit
690 2172 813 2236 horrida
828 2194 932 2255 passu,

94 2273 165 2337 Aut
179 2275 310 2359 spoliata
324 2299 407 2355 suos,
422 2288 488 2356 aut,
504 2300 583 2361 quos
597 2278 702 2357 habet,
718 2277 790 2342 alba
804 2279 943 2362 capillos.

97 2381 213 2445 Nostra
227 2381 352 2466 qubque
367 2384 503 2466 ipsorum
519 2405 652 2467 semper,
668 2385 837 2467 requieque
853 2385 920 2448 sine
936 2385 1010 2465 ulla,
1059 2390 1122 2451 155

95 2485 235 2569 Corpora
249 2499 428 2552 vertuntur:
454 2510 524 2566 aec,
540 2490 625 2571 quod
641 2490 805 2568 fuimusve,
822 2510 978 2568 sumusve,

97 2592 174 2655 Cras
188 2593 312 2657 erimus.
357 2593 463 2657 lacuit
478 2594 578 2675 primb
593 2594 661 2657 sine
677 2594 791 2657 viribus
807 2594 928 2657 inians:

98 2697 174 2762 Mox
188 2700 376 2781 quadrupes,
392 2699 515 2782 rituque
531 2699 601 2762 tulit
615 2720 673 2763 sua
687 2699 827 2762 membra
843 2698 996 2762 serarum:

99 2803 310 2888 Paulatimque
327 2815 472 2883 tremens,
488 2817 522 2868 et
536 2806 679 2869 nondum
695 2804 812 2888 poplite
828 2806 918 2869 firmo

100 2909 251 2987 Constitit,
267 2912 381 2997 adjutis
395 2912 503 2995 aliquo
514 2912 680 2977 conamine
697 2911 809 2976 nervis.
1057 2916 1119 2978 160

101 3015 175 3079 Iade
189 3017 294 3080 valens
309 3017 461 3099 veloxque
477 3018 552 3080 luit:
577 3018 774 3100 spatiumque
787 3018 927 3103 juventae

102 3120 229 3200 Transit,
245 3133 288 3200 et,
304 3122 439 3188 emensis
454 3122 550 3184 medii
565 3122 690 3204 qubque
706 3123 854 3203 temporis
869 3121 969 3201 annis,

103 3225 221 3289 Labitur
236 3227 379 3291 occiduae
396 3247 452 3309 per
466 3226 525 3289 iter
539 3226 660 3289 declive
676 3235 824 3289 senectae.

106 3332 222 3396 Subruit
237 3333 307 3396 haec
321 3334 380 3395 evi
396 3332 626 3416 demoliturque
641 3332 751 3415 prioris

105 3436 239 3501 Robora:
264 3438 380 3521 fletque
395 3438 496 3501 Milon
512 3440 625 3517 senior,
642 3439 714 3503 ciam
731 3448 852 3521 spectat
867 3439 977 3501 inanes
1055 3442 1117 3501 165

107 3542 178 3622 Illos,
192 3545 244 3627 qui
259 3543 383 3608 fixerant
398 3544 567 3608 solidorum
582 3544 665 3607 mole
682 3556 820 3607 tororum

108 3648 256 3713 Herculeis
271 3648 395 3727 similes,
411 3650 524 3712 fluidos
540 3650 678 3731 pendere
693 3632 836 3710 lacertos.

110 3752 167 3817 Flet
179 3755 311 3837 qubque,
328 3756 411 3818 utin
426 3753 555 3836 speculo
570 3774 663 3833 rugus
678 3749 822 3829 adspexit
837 3744 946 3817 aniles,

361 3863 400 3920 14
409 3861 429 3899 ¹*
