2567 4209
170 306 234 367 100
441 297 561 348 ovlns
581 298 911 349 METAMORPHOSES.

166 466 315 551 Dantque
329 465 434 531 locum
449 468 564 531 mensis
579 467 706 550 paulum
722 469 852 531 seducta
866 467 1026 531 secundis

166 570 231 637 Hic
245 594 318 650 551,
334 572 387 637 hic
401 573 499 637 mixta
512 583 560 636 est
575 573 694 655 rugosis
709 572 810 637 carica
826 572 945 654 palmis,

167 675 342 760 Prunaque,
357 687 390 741 et
404 677 437 740 in
452 677 566 759 patulis
581 677 754 741 redolentia
768 677 850 740 15515
864 677 1018 753 canistris,

166 781 208 845 Et
222 783 263 845 de
278 783 439 865 purpureis
453 782 594 847 collectae
609 782 723 845 vitibus
738 803 818 845 uvae.

165 885 327 950 Candidus
341 887 374 950 in
388 887 493 951 medio
508 887 597 951 favus
611 897 669 949 est.
716 888 819 968 Super
833 886 938 949 omnia
953 886 1062 949 vultus
1132 890 1193 951 135

166 990 335 1055 Accessere
350 992 435 1069 boni,
451 1012 511 1056 nec
525 992 607 1055 iners
622 1012 801 1074 pauperque
818 990 970 1054 voluntas.

209 1095 342 1174 Interea,
358 1097 479 1177 quoties
494 1096 639 1159 haustum
654 1105 773 1159 cratera
787 1095 897 1177 repleri

166 1200 286 1283 Sponte
302 1201 368 1278 sud,
385 1222 440 1283 per
454 1221 549 1283 seque
566 1200 673 1263 vident
688 1221 882 1263 succrescere
898 1200 988 1263 vina:

168 1306 301 1369 Attoniti
317 1306 452 1368 novitate
469 1315 594 1387 pavent,
610 1304 814 1387 manibusque
830 1304 945 1386 supinis

165 1409 355 1492 concipiunt
370 1410 544 1492 Baucisque
560 1429 678 1491 preces,
695 1408 881 1489 timidusque
896 1406 1075 1485 Philemon,
1131 1412 1195 1471 140

165 1514 208 1578 Et
222 1516 345 1577 veniam
359 1514 501 1596 dapibus,
517 1513 670 1596 nullisque
686 1513 842 1595 paratibus
857 1522 955 1575 orant.

208 1618 329 1681 Unicus
344 1638 434 1682 anser
448 1628 524 1695 erat,
539 1618 677 1681 minimas
693 1618 834 1681 custodia
851 1617 940 1695 villae,

166 1722 273 1791 Quem
288 1721 337 1785 dis
353 1722 523 1803 hospitibus
537 1722 657 1787 domini
672 1733 807 1786 mactare
823 1721 990 1805 parabant:

164 1826 220 1891 Ille
236 1827 318 1891 celer
333 1827 438 1912 penna
453 1828 557 1891 tardos
571 1837 665 1891 atate
681 1827 799 1911 fatigat,

166 1932 334 2016 Eluditque
350 1933 423 2010 diu3
447 1933 636 2013 tandemque
651 1940 699 1995 est
714 1932 797 1995 visus
812 1932 853 1994 ad
868 1931 951 2013 ipsos
1128 1934 1191 1998 145

164 2037 350 2120 confugisse
365 2039 451 2101 deos.
499 2036 610 2119 Superi
625 2036 752 2101 vetuere
767 2036 889 2101 necari:

165 2141 287 2225 ‘Dique
302 2163 417 2218 sumus,
434 2142 619 2224 meritasque
635 2140 699 2203 luet
714 2140 827 2204 vicinia
842 2161 950 2223 poenas

164 2246 284 2329 Impia,'
301 2246 461 2309 dixerunt:
488 2246 594 2309 ‘vobis
608 2245 799 2309 immunibus
814 2245 904 2329 hujus

165 2350 243 2414 Esse
259 2350 331 2414 mali
347 2350 489 2428 dabitur;
512 2351 607 2414 modb
623 2360 725 2413 vestra
740 2349 902 2433 relinquite
918 2359 1010 2426 tecta,

164 2456 214 2519 Ac
229 2466 349 2518 nostros
363 2455 510 2519 comitate
524 2457 649 2539 gradus,
665 2466 698 2519 et
712 2455 743 2519 in
759 2456 856 2519 ardua
872 2454 983 2517 montis
1128 2458 1189 2519 150

164 2559 211 2624 Ite
227 2560 338 2624 simul?
385 2560 499 2625 Parent
513 2560 616 2638 arnbo,
632 2560 810 2642 baculisque
826 2559 917 2623 levati

164 2664 316 2731 Nituntur
330 2666 423 2749 longo
439 2665 568 2748 vestigia
583 2685 699 2747 ponere
714 2664 804 2727 clivo.

208 2770 346 2832 Tantum
361 2771 490 2833 aberant
504 2790 636 2848 summ0,
652 2779 803 2851 quantum
818 2766 915 2831 semel
929 2766 973 2830 ire
988 2766 1105 2851 sagitta

164 2873 262 2937 Missa
277 2884 396 2954 potest:
421 2874 534 2937 flexere
549 2874 667 2951 oculos,
683 2883 715 2937 et
730 2894 831 2936 mersa
846 2871 959 2957 palude

163 2977 277 3041 Cetera
291 2978 492 3060 prospiciunt,
508 2979 629 3041 tantinu
643 3000 699 3041 sua
715 2988 797 3041 tecta
813 2997 947 3039 manere.
1125 2980 1186 3039 155

163 3083 310 3166 Dumque
326 3105 364 3147 ea
378 3084 538 3162 mirantur,
554 3083 630 3146 dum
646 3083 764 3147 deflent
779 3082 843 3145 fata
858 3102 992 3157 suorum,
1264 3070 1265 3123 l

163 3187 222 3251 1115
236 3200 325 3251 vetus
339 3189 473 3252 dominis
488 3188 582 3251 etiarn
597 3209 670 3250 casa
686 3207 779 3269 parva
794 3186 926 3262 duobus,

164 3292 303 3355 Vertitur
318 3292 349 3354 in
365 3292 533 3374 templum:
559 3292 661 3355 fureas
677 3291 798 3355 subiere
815 3290 989 3367 columnae;

165 3396 321 3459 Stramina
336 3397 517 3472 flavescunt,
532 3397 743 3479 adopertaque
759 3416 910 3458 marmore
926 3392 1026 3470 tellus,

163 3498 353 3581 Oaelataeque
369 3499 460 3576 fores,
475 3510 644 3582 aurataque
660 3510 744 3563 tecta
758 3500 911 3563 videntur.
1125 3501 1185 3565 160

163 3604 253 3687 Talia
268 3625 340 3667 cum
355 3602 478 3686 placido
492 3603 657 3667 Saturnius
672 3604 771 3668 edidit
785 3625 855 3667 ore:

164 3703 296 3783 ‘Dicite,
308 3707 391 3789 juste
406 3726 511 3784 senex,
526 3717 559 3769 et
574 3705 701 3770 foeruina
716 3706 849 3789 conjuge
861 3706 946 3791 justo
