2567 4209
543 336 642 387 BOOK
665 336 723 388 XV.

261 634 385 679 'mutus
409 637 519 679 GAESAB
541 636 698 679 onmem)
722 636 799 679 INTO
823 637 843 679 A
866 630 986 680 com.

565 811 594 853 v.
615 792 691 854 746.

147 924 266 991 Caesor
280 927 315 991 in
330 927 416 992 Urbe
431 929 488 992 sui
502 929 582 993 deus
596 939 663 992 est:
687 950 782 1013 quem
798 928 901 993 Morte
917 928 1055 1014 tegique

100 1028 324 1115 Praecipuum,
340 1054 404 1097 non
419 1033 501 1097 bella
516 1035 615 1117 magis
631 1035 718 1099 linita
733 1034 907 1117 triumphis,
1074 1034 1141 1102 200
1242 1084 1247 1089 -

100 1133 242 1220 Resque
258 1138 345 1202 domi
359 1148 468 1224 gestae,
485 1150 710 1223 properataque
725 1138 822 1223 gloria
837 1159 940 1205 rerum

102 1240 142 1304 In
160 1242 254 1307 sidus
271 1247 391 1308 vertere
407 1266 533 1323 novum,
549 1245 732 1327 stellamque
747 1254 937 1324 comantem,

102 1346 222 1415 Quem
237 1371 296 1412 sua
311 1350 486 1433 progenies
533 1351 646 1433 Neque
662 1351 747 1413 enim
763 1350 803 1413 de
819 1350 951 1415 Caesuris
965 1348 1044 1415 setis

103 1450 222 1517 Ullum
237 1456 337 1540 majus
351 1476 443 1549 opus,
457 1457 553 1539 quim
568 1456 653 1539 quod
669 1462 757 1539 pater
771 1456 889 1519 exstitit
903 1455 1005 1542 hujus.

105 1556 243 1623 Scilicet
258 1582 419 1642 aequoreos
434 1561 505 1645 plus
519 1572 566 1624 est
582 1562 739 1625 domuisse
756 1562 931 1639 Britannos,
1072 1559 1138 1626 205

105 1660 235 1745 Perque
251 1666 415 1749 papyriferi
430 1667 615 1749 septemflua
629 1668 759 1731 flumina
775 1666 840 1731 Nili

105 1766 266 1833 Victrices
281 1770 381 1853 egisse
396 1782 487 1850 rates,
504 1772 722 1857 Numidasque
738 1772 878 1847 rebelles

104 1870 366 1960 Cinyphiumque
381 1874 400 1938 J
402 1876 505 1954 ubam,
522 1877 796 1960 Mithridateisque
812 1879 985 1937 tumentem

108 1977 305 2044 Nominibus
320 1981 466 2059 Pontum,
482 1981 600 2063 populo
614 1982 766 2067 adjecisse
781 1976 916 2055 Quirini,

108 2082 151 2146 Et
165 2087 284 2150 multos
300 2086 458 2164 meruisse,
473 2086 593 2169 sliquos
607 2086 708 2169 egisse
724 2079 905 2163 triumphos,
1070 2086 1140 2148 ele

108 2189 222 2259 Qutm
238 2202 359 2255 tentum
374 2192 520 2275 genuisse
535 2193 723 2268 virumque
738 2186 870 2268 preside
886 2204 991 2252 rerum

108 2293 264 2360 Humano
278 2298 396 2380 generi,
411 2298 525 2380 superi,
542 2293 665 2357 sevistis
680 2291 818 2355 abunde.

109 2399 162 2464 Ne
177 2403 261 2467 foret
275 2403 326 2466 hic
340 2402 433 2486 igitur
448 2399 567 2465 mortali
583 2397 703 2460 semine
719 2408 833 2476 cretus,

109 2504 167 2570 Ille
183 2508 264 2571 deus
278 2507 438 2572 faciendus
453 2516 529 2565 erat.
576 2503 674 2570 Quod
689 2512 724 2564 ut
739 2524 833 2567 aurea
848 2503 926 2567 vidit

110 2609 225 2676 AEneae
239 2613 381 2696 genitrix,
396 2607 473 2670 vidit
488 2606 612 2688 quoque
628 2607 714 2669 triste
730 2608 829 2689 parari
1067 2612 1134 2675 215
1256 2666 1257 2669 ,

109 2715 256 2783 Pontifici
271 2718 375 2790 letum,
391 2721 424 2775 et
438 2712 599 2796 conjurata
613 2732 700 2775 arms
715 2712 842 2776 moveri.

110 2821 241 2887 Palluit:
266 2830 299 2881 et
314 2818 446 2895 cunctis,
462 2828 497 2881 ut
512 2818 625 2900 cuique
640 2828 708 2882 erat
723 2818 824 2897 obvia,
840 2818 930 2897 divis,

111 2924 291 3005 ‘Adspice'
308 2923 443 3001 dicebat,
461 2925 599 3006 ‘quanti
613 2924 690 2987 mihi
705 2923 788 2988 mole
804 2934 953 3008 parentur

109 3030 252 3094 lusidiae:
277 3030 456 3112 quantique
471 3041 567 3111 eaput
582 3052 655 3094 cum
671 3030 780 3094 fraude
796 3041 929 3115 petatur,

110 3134 208 3205 Quod
224 3138 265 3199 de
280 3134 443 3199 Dardanio
458 3134 558 3197 solum
574 3136 652 3198 milri
667 3145 762 3197 restat
777 3136 855 3200 luto.
1066 3140 1135 3203 220

110 3241 225 3306 Solane
240 3261 364 3323 semper
378 3260 433 3302 ero
445 3240 536 3324 justis
551 3240 688 3302 exercita
703 3240 805 3304 curis?

110 3347 216 3417 Quam
231 3346 326 3410 modd
341 3346 477 3429 Tydidae
492 3344 666 3429 Calydonia
681 3346 823 3411 vulneret
838 3347 937 3426 hasta,

110 3451 204 3517 Nunc
219 3452 304 3516 male·
315 3451 454 3517 defensae
470 3451 668 3515 confundant
683 3453 799 3517 moenia
814 3454 937 3539 Trojte:

109 3558 192 3628 Quae
208 3558 331 3622 videam
346 3568 454 3621 netum
470 3558 570 3640 longis
586 3558 739 3621 erroribus
753 3570 870 3635 sctum,

108 3660 285 3746 laetarique
300 3663 390 3741 freto,
406 3664 557 3745 sedesque
574 3664 687 3725 intrare
703 3664 859 3740 silentium,
1064 3660 1130 3727 225

112 3766 257 3850 Bellaque
272 3788 345 3829 cum
360 3767 471 3830 Turno
485 3786 602 3848 gerere,
618 3776 684 3843 aut,
699 3768 725 3829 si
740 3787 813 3829 vers
829 3766 972 3841 fatemur,
