2567 4209
533 293 630 343 BOOK
654 283 700 343 IV.

78 458 208 525 Narrat
224 462 353 547 ubique
369 464 437 527 dei:
463 464 503 528 de
519 474 627 547 totque
643 464 797 529 sororibus
812 486 924 548 expers

78 564 162 630 Una
179 568 309 633 doloris
326 582 402 647 erat,
419 570 477 633 nisi
492 592 587 653 quem
603 571 706 634 secere
721 592 851 634 sorores.

131 672 294 757 Adspicit
312 676 394 739 hanc
409 676 488 757 natis
504 676 702 759 thalamoque
718 676 1099 764 Athamantishabentem

81 778 256 843 Sublimes
273 782 409 859 animos,
425 792 458 843 et
473 781 600 845 alumno
616 782 755 860 numine,
771 781 866 861 June,
1067 787 1127 848 101

81 882 160 947 Nec
176 884 276 952 tulit:
306 897 339 949 et
354 907 471 964 secum,
489 886 612 973 ‘Potuit
627 888 668 950 de
684 887 795 969 pellice
811 897 902 951 natus

80 988 225 1053 Vertere
243 990 407 1055 Maeonios
423 992 595 1075 pelagoque
612 992 795 1075 immergere
812 1003 933 1072 nautas,

81 1092 127 1156 Et
142 1093 328 1159 laceranda
343 1118 408 1159 suae
425 1097 489 1160 nati
506 1098 579 1161 dare
595 1098 713 1161 viscera
728 1098 829 1177 matri,
939 1095 942 1101 ’

82 1199 128 1261 Et
145 1200 297 1284 triplices
314 1203 433 1284 operire
450 1203 537 1265 novis
554 1203 734 1285 Minyeidas
749 1202 823 1266 alis:
1066 1208 1129 1269 105

85 1304 143 1370 Nil
160 1308 287 1388 poterit
303 1306 322 1369 J
325 1328 398 1385 uno,
415 1308 474 1371 nisi
489 1308 604 1371 inultos
619 1308 693 1373 flere
709 1308 852 1372 dolores?

85 1409 192 1493 quue
210 1412 296 1475 mihi
313 1413 386 1475 satis
402 1415 472 1476 est?
496 1412 566 1477 haec
581 1435 645 1475 una
659 1414 800 1496 potentia
814 1423 919 1477 nostra
934 1415 1004 1478 est?

86 1514 162 1596 Ipse
180 1518 296 1596 docet,
313 1518 388 1601 quid
403 1540 504 1600 agam,
524 1518 584 1607 (sas
599 1528 648 1581 est
663 1530 695 1581 et
709 1518 749 1582 ab
765 1518 853 1582 hoste
868 1518 990 1607 doceri)

86 1620 251 1704 Quidque
270 1624 358 1686 furor
373 1624 483 1701 valeat,
500 1624 642 1688 Penthea
657 1626 745 1689 caede
760 1624 897 1707 satisque

89 1724 141 1789 Ac
157 1729 258 1811 sup'er
280 1729 425 1792 ostendit.
472 1730 536 1792 Cur
551 1750 614 1792 non
631 1729 815 1808 stimuletur,
832 1739 946 1812 eatque
1066 1734 1129 1795 110

90 1830 154 1893 l’er
171 1844 317 1916 cognata
332 1835 394 1898 suis
409 1835 553 1917 exempla
568 1835 722 1898 furoribus
737 1834 838 1898 Ino?'

141 1937 201 2000 Est
215 1940 271 2002 via
287 1939 424 2017 declivia,
442 1940 566 2001 funesta
581 1939 688 2003 nubila
703 1950 795 2017 tax03

94 2040 196 2106 Ducit
210 2046 254 2108 ad
272 2044 407 2108 infernas
423 2055 581 2127 permuta
597 2042 718 2107 silentia
733 2045 834 2107 sedes.

97 2148 177 2232 Styx
195 2150 329 2215 nebulas
345 2151 469 2214 exhalat
483 2150 585 2228 iners3
610 2150 790 2233 umbraeque
806 2160 948 2213 recentes

98 2251 311 2321 Descendunt
326 2256 406 2334 illac,
422 2256 647 2338 simulacraque
663 2255 771 2319 functa
786 2254 945 2337 sepulcris.
1064 2259 1128 2321 115

99 2357 203 2424 Pallor
219 2362 395 2445 Hiemsque
411 2362 520 2425 tenenl
536 2361 597 2425 late
614 2362 684 2425 loca
699 2372 806 2439 senta3
830 2361 976 2443 novique,

102 2465 179 2534 Qua
195 2468 236 2530 sit
251 2466 320 2545 iter,
337 2489 455 2544 manee,
473 2467 614 2551 Stygiam
630 2467 818 2550 quodducit
833 2467 874 2529 ad
890 2466 1009 2545 urbem,

100 2568 271 2651 Ignorant3
296 2571 349 2635 ubi
365 2572 404 2634 sit
419 2572 497 2655 nigri
514 2572 578 2635 fera
593 2572 679 2654 regia
694 2570 786 2635 Ditis.

103 2673 191 2739 Mille
207 2699 307 2761 capax
322 2679 435 2755 aditus,
451 2689 484 2741 et
498 2690 620 2759 apertas
636 2678 775 2760 undique
791 2687 896 2761 portas

102 2778 185 2845 Urbs
201 2784 305 2848 habet.
352 2784 458 2865 thue
474 2784 587 2847 fretum
603 2785 643 2847 de
660 2783 725 2847 tcta
740 2783 870 2847 flumina
885 2782 976 2862 terra,
1066 2786 1129 2846 120

106 2886 159 2950 Sic
175 2910 284 2953 omnes
299 2891 418 2953 animas
433 2890 520 2953 locus
535 2890 650 2972 accipit
665 2888 735 2967 ille3
759 2910 819 2952 nec
835 2888 890 2952 ulli

105 2988 244 3076 Exiguus
260 2995 375 3077 populo
391 3008 448 3073 est,
464 2996 625 3058 turbamve
640 2996 791 3059 accedere
808 2994 912 3057 sentit.

107 3094 218 3162 Errant
233 3122 406 3182 exsangues
422 3101 489 3163 sine
506 3121 634 3182 corpore
650 3110 683 3161 et
697 3098 818 3162 ossibus
833 3098 973 3163 umbrae:

107 3198 240 3287 Parsque
257 3206 358 3268 lorum
374 3205 543 3283 celebrant,
560 3227 630 3287 pars
646 3204 699 3267 imi
716 3213 798 3267 tecta
814 3204 956 3288 tyranni3

108 3303 179 3371 Pars
194 3311 268 3375 alias
283 3322 375 3389 arteS,
391 3311 528 3391 antiquae
546 3310 718 3373 imitamina
732 3310 815 3373 vitae.
1066 3314 1128 3374 125

153 3415 291 3479 Sustinet
305 3415 349 3485 ire
365 3415 448 3491 illuc,
465 3414 583 3478 coelesti
599 3416 673 3477 sede
690 3415 806 3494 relicta,

112 3516 259 3603 (Tantum
276 3520 354 3584 odiis
371 3521 487 3601 iraeque
504 3518 613 3606 dabat)
633 3520 778 3584 Saturnia
793 3520 888 3585 Juno.

111 3621 180 3691 Qut
194 3625 284 3689 simul
299 3626 435 3703 intravit,
451 3646 599 3707 sacroque
615 3646 634 3687 a
650 3645 778 3705 corpore
794 3647 933 3707 pressum

109 3724 259 3813 Ingemuit
274 3729 381 3808 limen,
398 3731 455 3792 tria
469 3728 623 3791 Cerberus
638 3727 749 3791 extulit
764 3751 827 3804 ora,
1065 3732 1128 3791 130
