2567 4209
164 281 227 345 128
441 278 561 327 ovtn’s
582 278 915 329 METAMORPHOSES.

161 454 170 484 ⁴
184 444 215 509 Ο
229 445 306 509 mihi
321 446 362 511 de
378 445 479 511 banis
494 447 587 531 longe
602 450 777 531 gratissime
793 450 887 529 natis,
1269 514 1270 545 ἱ

161 548 318 633 irritaqui
334 572 459 615 mecum
474 554 604 635 posuisti
619 555 736 617 moenia
750 555 867 640 Trojae,
1140 558 1197 619 115

161 654 296 737 Ecquid,
313 668 348 719 ut
363 656 418 719 bas
430 658 558 742 jamjam
573 680 698 721 casuras
713 659 848 741 adspicis
863 681 965 739 arces,

161 759 319 843 Ingemis?
342 774 398 825 aut
412 762 527 845 ecquid
543 774 590 825 tot
604 762 808 829 defendentia
823 786 930 827 muros

161 863 262 929 Millia
276 887 358 931 coesa
372 867 483 931 doles?
506 867 631 950 ecquid,
649 890 688 931 ne
704 890 870 951 persequar
884 890 1010 949 omnes,

161 968 307 1035 Hectoris
322 972 432 1036 umbra
446 973 538 1052 subit,
554 972 745 1043 circumsua
760 974 912 1057 Pergama
927 975 1051 1039 tracti?

161 1074 241 1139 Cium
259 1087 363 1141 tamen
379 1076 431 1142 ille
446 1079 543 1156 ferox,
559 1077 703 1161 belloque
719 1080 875 1144 cruentior
890 1080 971 1161 ipso,
1141 1084 1200 1145 120

139 1260 143 1267 ἡ
164 1181 250 1246 Vivit
264 1184 379 1262 adbuc,
395 1183 497 1267 operis
511 1184 609 1248 nostri
624 1184 799 1267 populator,
816 1182 965 1249 Achilles.

163 1287 226 1352 Det
242 1289 318 1353 mibi
333 1311 384 1353 se:
410 1290 493 1367 faro,
510 1288 623 1372 triplici
637 1290 714 1372 quid
730 1291 859 1371 cuspide
876 1290 1005 1373 possim,

164 1394 304 1459 Sentiat:
329 1406 362 1458 at
376 1395 524 1477 quoniam
539 1416 724 1458 concurrere
740 1395 883 1459 cominus
898 1395 979 1459 hosti

163 1499 239 1563 Non
254 1501 356 1578 datur,
372 1498 497 1564 occulta
512 1500 716 1583 necopinum
733 1501 829 1583 perde
845 1500 977 1583 sagitth’

209 1604 330 1667 Annuit
339 1626 348 1681 ;
371 1616 466 1686 atque
481 1606 588 1669 animo
603 1606 716 1689 pariter
732 1616 905 1689 patruoque
920 1626 1042 1689 suoque
1134 1612 1194 1672 125

163 1707 270 1772 Delius
285 1708 460 1792 indulgens,
476 1709 593 1775 nebula
608 1710 728 1775 velatus
744 1711 776 1775 in
791 1732 904 1795 agmen

163 1813 309 1879 Pervenit
324 1813 464 1894 iliacum,
479 1816 646 1900 mediique
663 1818 694 1883 in
711 1818 799 1881 coede
815 1817 949 1881 virorum

163 1921 249 1986 Rara
264 1943 318 2004 per
333 1921 456 2005 ignotos
471 1932 670 2005 spargentem
686 1922 786 1987 cernit
801 1922 938 1986 Achivos

164 2027 245 2092 Tela
259 2026 369 2092 Parin:
395 2028 554 2112 lassusque
569 2029 676 2106 deum,
694 2028 803 2097 ‘Quid
819 2028 938 2110 spicula
952 2028 1060 2111 perdis

166 2134 327 2216 Sanguine
343 2132 485 2216 plebisl'
510 2133 571 2198 ait:
597 2134 642 2197 ‘si
658 2146 782 2217 quaest
797 2133 854 2197 tibi
869 2155 944 2198 cura
959 2145 1102 2214 tuorum,
1133 2139 1193 2201 130

165 2238 294 2301 Vertere
309 2238 341 2300 in
358 2237 522 2317 AEaciden,
538 2260 698 2323 eaesosque
714 2238 862 2303 ulciscere
878 2240 1007 2303 fratres?

165 2343 268 2406 Dixit:
292 2354 325 2405 et
339 2343 507 2407 ostendens
523 2355 713 2409 sternentem
730 2345 828 2409 Troia
842 2345 923 2409 ferro

164 2448 304 2530 Corpora
319 2446 458 2527 Peliden,
474 2471 565 2514 arcus
579 2451 714 2515 obvertit
728 2451 761 2513 in
776 2450 874 2528 illum,

166 2554 321 2638 Certaque
337 2553 457 2621 letiferi
472 2556 585 2621 direxit
598 2557 719 2639 spicula
734 2558 852 2621 dextri.

167 2660 265 2729 Quod
280 2660 420 2725 Priamus
434 2664 571 2745 gaudere
586 2682 682 2725 senex
698 2673 769 2745 post
784 2662 923 2727 Hectora
938 2672 1056 2745 posset,
1132 2669 1193 2730 135

166 2765 238 2828 Hoc
254 2765 322 2828 luit
370 2766 424 2829 llle
440 2768 533 2848 igitur
548 2778 706 2831 tantorum
722 2767 829 2845 victor,
847 2767 981 2846 Achille,

167 2869 308 2940 Vinceris
322 2892 343 2933 a
358 2870 468 2932 timido
483 2871 586 2933 Graiae
602 2883 724 2955 raptore
740 2872 878 2937 maritae!

167 2975 211 3037 At
225 2974 251 3038 si
267 2974 416 3037 loemineo
431 2974 531 3039 luerat
546 2975 601 3039 tibi
617 2976 720 3041 Marte
736 2978 924 3056 cadendum,

166 3080 452 3145 Thermodontiacis
467 3080 574 3145 malles
589 3081 739 3145 cecidisse
754 3082 892 3165 bipenni.

210 3186 280 3251 Jam
297 3186 388 3250 timor
403 3187 452 3250 ille
469 3187 636 3270 Phrygum,
654 3188 750 3250 decus
766 3197 798 3250 et
813 3188 911 3250 tutela
926 3186 1049 3271 Pelasgi
1131 3195 1189 3255 140

168 3294 322 3371 Nominis,
339 3292 496 3370 AEacideS,
512 3305 607 3375 caput
621 3294 828 3376 insuperabile
844 3295 936 3371 bello,

167 3398 312 3459 Arserat:
337 3397 471 3459 armdrat
486 3398 564 3460 deus
579 3398 675 3475 idem,
691 3398 836 3480 idemque
853 3401 1015 3464 cremdrat.

167 3499 238 3561 Jnm
254 3499 331 3560 cinis
345 3508 402 3574 est,
419 3508 452 3559 et
466 3499 507 3559 de
523 3508 587 3560 tam
602 3521 718 3581 magno
733 3512 829 3563 restat
844 3500 966 3565 Achille

169 3598 285 3662 Nescio
300 3599 385 3679 quid,
401 3620 527 3679 parvam
542 3602 627 3680 quod
642 3622 707 3663 non
723 3601 804 3665 bene
820 3605 976 3686 compleat
991 3628 1118 3674 urnam.

168 3702 213 3764 At
227 3700 311 3776 vivit,
327 3709 427 3761 totum
442 3722 513 3781 quae
527 3700 626 3781 gloria
640 3703 797 3784 compleat
812 3706 938 3771 orbem:
1130 3721 1186 3781 145
