2567 4209
150 320 194 385 ⁴2
430 312 549 364 ovms
571 310 900 361 narmonrnosas.

150 483 312 567 Occupat:
337 482 394 547 hos
408 503 524 562 morsu,
540 484 639 567 longis
654 482 866 567 eomplexibus
881 480 960 559 illos,
1152 484 1200 546 25

150 586 221 652 Hos
236 598 328 653 neeet
343 588 462 652 afflatos
477 588 591 651 funesti
607 587 679 651 tabe
694 586 817 650 veneni.

195 695 326 761 Feoerat
339 696 467 779 exiguas
478 696 543 781 jam
559 694 605 758 sol
619 694 784 758 altissimus
799 694 941 757 umbras:

153 800 237 869 Quae
253 822 343 883 mora
354 800 393 864 sit
409 800 499 864 sociis
514 801 640 863 miratur
655 798 800 881 Agenore
815 807 916 876 natus,

151 904 354 988 vestigatque
369 906 459 968 viros.
505 904 659 987 Tegimen
674 905 804 986 derepta
817 902 900 966 leoni

150 1008 243 1073 Pellis
258 1020 343 1087 erat3
367 1008 463 1072 telum
478 1008 654 1090 splendenti
668 1008 777 1072 lanoea
792 1008 882 1086 ferro,

152 1112 194 1175 Et
205 1112 354 1197 jaculum,
370 1112 493 1195 teloque
509 1114 629 1176 animus
645 1112 839 1195 praestantior
853 1112 949 1175 omni.

150 1216 196 1282 Ut
211 1238 321 1280 nemus
336 1217 470 1295 intravit,
486 1217 643 1299 letataque
659 1216 889 1299 commandit,

151 1320 371 1405 Victoremque
387 1323 480 1405 supra
495 1323 620 1405 spatiosi
635 1322 770 1403 corporis
786 1320 906 1384 hostem

151 1427 266 1492 Tristia
281 1428 452 1509 sanguinei
466 1426 654 1490 lambentem
669 1426 797 1489 vulnera
811 1426 927 1508 lingui,

151 1530 237 1593 ‘Aut
251 1531 332 1593 ultor
346 1542 466 1607 vestrae,
483 1531 629 1593 fidissima
644 1552 783 1612 corpore,
798 1532 915 1608 mortis,
1132 1534 1182 1597 35

151 1632 218 1698 Aut
233 1635 358 1712 eomes,'
376 1634 484 1715 inquit,
502 1633 595 1697 ‘ero'
641 1634 745 1697 Dixit:
771 1635 939 1717 dextrique
954 1634 1106 1699 molarem

151 1739 294 1817 Sustulit,
309 1750 341 1802 et
356 1759 504 1821 magnum
520 1760 635 1821 magno
649 1741 814 1804 conamine
828 1740 920 1803 misit.

151 1843 236 1907 Illius
253 1844 386 1928 impulsu
401 1864 474 1907 eum
490 1844 622 1907 turribus
637 1846 735 1907 erdua
750 1843 840 1907 celsis

151 1948 370 2014 Moenie-mota
386 1945 505 2014 forent:
531 1970 657 2032 serpens
672 1950 739 2013 sine
754 1950 881 2013 vulnere
896 1948 1019 2012 mansit.

151 2054 332 2138 Lorieaeque
348 2057 443 2119 modo
457 2056 593 2137 squamis
608 2054 755 2117 defensus
769 2063 802 2117 et
816 2064 892 2117 atrae
1129 2056 1178 2118 40
1267 2081 1268 2096 ¹

150 2156 273 2222 Duritia
287 2159 386 2240 pellis,
402 2160 519 2221 validos
535 2169 607 2222 oute
623 2158 735 2241 repulit
749 2158 839 2221 ictus.

150 2262 195 2327 At
210 2284 273 2325 non
289 2262 402 2325 duritiis
413 2262 551 2347 jaculum
566 2284 691 2345 quoque
706 2264 802 2327 vincit
817 2264 940 2342 eidem,

151 2367 249 2435 Quod
265 2366 369 2429 medio
384 2365 477 2429 lente
493 2366 588 2429 lixum
605 2369 783 2432 curvamine
799 2370 896 2451 spinae

151 2470 316 2548 Constitit;
339 2481 372 2534 et
387 2480 453 2535 toto
467 2472 630 2535 deseendit
645 2472 677 2536 in
693 2472 744 2536 ilia
760 2475 850 2537 ferro.

151 2574 207 2640 Ille
222 2576 329 2639 dolore
344 2576 430 2640 ierox
446 2587 541 2659 ceput
556 2577 587 2640 in
604 2598 661 2640 sua
675 2587 762 2659 terga
777 2577 908 2656 retorsit,
1129 2583 1174 2643 45

151 2680 350 2763 Vulneraque
366 2683 517 2765 adspexit,
534 2682 692 2764 fixumque
708 2682 817 2745 hastile
832 2683 1008 2746 momordit.

151 2784 260 2867 quue,
276 2785 330 2848 ubi
345 2784 375 2847 vi
391 2786 489 2847 multi
503 2796 623 2867 partem
638 2774 783 2850 labefecit
797 2786 830 2849 in
845 2808 981 2866 omnem,

151 2886 212 2950 Vix
228 2897 317 2969 tergo
330 2888 460 2969 eripuit:
485 2888 600 2952 lenum
616 2900 721 2954 tamen
737 2891 857 2954 ossibus
872 2891 979 2954 haeret.

150 2992 235 3057 Tum
251 2992 334 3071 verb,
350 3001 514 3075 postquam
530 2993 633 3057 solitus
649 2996 779 3058 aoeessit
793 2997 833 3058 ad
849 2997 908 3059 iras

150 3095 246 3180 Plaga
261 3119 380 3176 reeens,
396 3098 495 3181 plenis
511 3110 692 3164 tumuerunt
706 3111 832 3182 guttura
846 3100 951 3179 venis3
1129 3106 1171 3167 50

151 3202 334 3285 Spumaque
349 3204 509 3284 pestiferos
525 3205 712 3268 circumfluit
725 3204 830 3268 albida
844 3205 957 3283 rictus3

150 3304 309 3388 Terraque
325 3328 393 3369 rasa
407 3316 497 3369 sonat
512 3307 665 3389 squamis3
689 3308 804 3389 quique
820 3308 932 3373 halitus
946 3309 1011 3373 exit

150 3409 215 3472 Ore
231 3409 318 3492 niger
334 3409 453 3492 Stygio,
470 3410 590 3472 vitiatas
605 3410 704 3473 inficit
718 3432 818 3476 auras.

105 3518 108 3523 '
150 3511 221 3595 Ipse
237 3513 331 3576 modo
346 3513 532 3575 immensum
548 3514 636 3595 spiris
652 3514 838 3579 facientibus
854 3519 961 3582 orbem

150 3616 311 3699 Cingitur3
334 3618 491 3681 interdum
505 3617 600 3701 longis
615 3621 700 3683 trabe
716 3621 829 3685 rectior
843 3623 917 3685 exit.
1127 3630 1169 3691 55
