2567 4209
161 310 206 379 τε
438 310 557 361 ovms
580 310 910 362 uurmomuoses.

161 479 319 564 Ingemuit
334 480 441 565 regins
456 480 550 545 Erebi
562 502 570 559 ;
594 491 769 563 testemque
784 480 948 564 profanum
1124 482 1197 545 ³80

160 583 251 651 Fecit
264 608 374 665 svem3
399 608 600 671 sparsumque
616 598 713 670 ceput
727 586 992 669 Phlegethontide
1008 584 1148 670 lymphh

160 690 198 757 In
213 702 356 771 rostrum,
371 703 405 757 et
419 692 550 775 plumes,
565 703 598 756 et
612 693 743 776 grundis
757 692 876 756 lumine
890 692 993 755 vertit.

160 795 217 859 Ille
232 796 289 859 sibi
304 796 424 861 ablutus
440 796 531 861 t'ulris
545 797 689 861 amicitur
702 796 745 860 sb
758 797 826 874 ulis,

160 901 259 984 Inque
275 911 371 984 ceput
385 902 507 979 crescit,
522 900 694 983 longosque
710 902 879 965 reflectitur
893 920 1029 983 ungues,

161 1004 282 1088 Vixque
298 1016 403 1069 movet
417 1016 507 1069 natus
522 1026 578 1089 per
593 1004 705 1069 inertie
719 1004 846 1069 brechio
861 1025 1002 1087 pennss3
1123 1008 1195 1071 385

159 1108 319 1193 Foedeque
335 1111 371 1173 fit
385 1109 528 1187 volucris,
546 1110 668 1173 venturi
684 1110 794 1173 nuntie
808 1109 920 1188 luctus,

159 1212 295 1298 Ignevus
310 1214 405 1294 bubo,
421 1214 524 1279 dirum
538 1214 721 1278 mortalibus
735 1235 840 1278 omen.

204 1320 249 1384 At
263 1320 385 1384 medius
401 1318 562 1403 fratrisque
578 1320 626 1383 sui
641 1330 824 1402 moestreque
839 1318 952 1383 sororis

159 1422 282 1508 Jupiter
295 1444 335 1487 ex
350 1446 442 1507 usquo
457 1425 633 1489 volventem
649 1424 761 1488 dividit
775 1445 904 1487 annum.

159 1527 256 1593 Nunc
271 1530 341 1606 den,
356 1550 523 1611 regnorum
538 1550 656 1593 numen
671 1550 839 1593 commune
854 1529 998 1607 duorum,
1118 1533 1192 1595 390

159 1631 240 1694 Cum
256 1642 354 1695 matre
369 1642 417 1695 est
431 1633 572 1710 totidem,
589 1635 721 1698 totidem
737 1656 809 1697 cum
824 1634 960 1718 conjuge
973 1654 1115 1698 menses.

159 1738 298 1804 Vertitur
312 1738 469 1822 extemplo
484 1739 580 1805 facies
595 1751 628 1805 et
643 1743 757 1805 mentis
771 1752 805 1805 et
818 1742 897 1805 oris:

159 1844 254 1923 Num,
271 1844 365 1908 modb
379 1866 451 1928 quse
467 1856 588 1929 poteret
603 1846 669 1909 Diti
684 1868 808 1929 quoque
823 1856 936 1911 moestu
951 1846 1062 1925 videri,

158 1949 249 2014 Laetu
264 1950 333 2014 dem
349 1950 434 2015 frons
448 1961 513 2015 est:
539 1962 574 2015 ut
589 1951 646 2029 sol,
662 1951 714 2034 qui
730 1961 832 2015 tectus
847 1951 973 2034 aquosis

159 2055 305 2120 Nubibus
319 2057 392 2121 ente
409 2056 477 2136 suit,
493 2058 582 2121 victis
597 2057 652 2121 ubi
667 2057 802 2120 nubibus
816 2057 890 2121 exit.
1116 2062 1185 2125 395

463 2348 887 2361 .--ι--

537 2592 688 2659 BOOK
725 2593 801 2657 vl.

457 2846 526 2887 THE
549 2846 684 2887 Istrum
706 2846 746 2888 OF
770 2845 880 2888 monn.

602 3000 631 3043 v.
659 2982 732 3043 148.

159 3118 244 3183 Ante
260 3140 332 3182 suos
348 3118 452 3183 Niobe
467 3117 620 3183 thalamos
635 3127 825 3201 cognoverat
839 3117 935 3197 illam,

158 3224 244 3287 Tum
261 3225 332 3287 crim
347 3223 518 3289 Maeoniam
535 3225 621 3307 virgo
638 3222 843 3308 Sipylumque
859 3223 991 3288 colebat.

160 3324 232 3392 Nec
247 3338 352 3391 tumen
367 3329 528 3391 admonitu
542 3338 590 3391 est
605 3328 700 3410 poenh
715 3327 871 3411 popularis
887 3327 1050 3393 Arachnes

158 3431 280 3495 Cedere
296 3431 460 3508 coelitibus,
477 3431 639 3513 verbisque
655 3432 826 3496 minorihus
842 3434 897 3497 uti.

159 3534 263 3601 Multa
277 3536 396 3600 dabant
409 3536 541 3599 animos.
588 3536 654 3600 Sed
669 3536 754 3600 enirn
770 3559 830 3603 nec
844 3538 987 3623 conjugis
1001 3548 1094 3617 artes,
1156 3544 1176 3604 5

159 3641 231 3706 Nec
245 3662 345 3723 genus
360 3640 532 3718 amborum,
549 3642 716 3723 magnique
731 3644 873 3722 potentin
887 3644 987 3724 regni,-

161 3746 216 3809 Sic
231 3743 376 3827 plucudre
391 3742 444 3820 illi,
460 3743 655 3825 quemvises
668 3754 784 3806 cuncta
798 3744 976 3825 placebunt,
