2567 4209
515 285 613 335 BOOK
636 286 668 334 V.

25 453 174 517 Causa
195 453 258 517 fuit
272 456 390 518 meritis
405 456 513 519 melior
528 467 592 533 tua,
609 467 751 540 tempore
765 466 882 521 nostra.

33 559 136 623 Non
158 560 300 623 cessisse
315 561 411 645 piget.
458 560 555 639 Nihil,
572 584 592 625 o
607 561 783 641 fortissime,
799 571 912 645 prater

36 664 164 729 Hanc
183 666 327 729 animam
342 669 483 731 concede
499 668 595 746 mihi;
619 678 675 731 tua
689 679 795 731 cetera
810 668 925 731 sunto'
1044 672 1106 734 165

39 771 160 834 Talia
179 772 313 849 dicenti,
331 794 433 855 neque
449 794 532 851 eum,
549 794 643 856 quem
659 795 737 838 voce
753 774 893 856 rogabat,

43 876 250 959 Respicere
265 877 405 956 audenti,
423 878 561 956 ‘Quod'
578 879 631 956 ait,
650 879 863 943 ‘timidissime
879 879 1012 957 Phineu,

48 980 104 1043 Et
122 1002 263 1064 possum
280 983 432 1061 tribuisse,
446 994 482 1045 et
497 1005 647 1066 magnum
662 1005 777 1047 munus
792 984 883 1048 inerti
898 994 957 1062 est,

54 1088 181 1175 (Pone
199 1088 335 1175 metum)
355 1090 506 1153 tribuam:
532 1089 618 1153 nullo
633 1090 789 1154 violabere
806 1090 898 1153 ferro.

51 1193 164 1261 Quin
182 1194 280 1256 etiam
295 1215 442 1258 mansura
457 1195 541 1259 dabo
555 1206 761 1259 monumenta
776 1217 833 1278 per
846 1216 969 1273 aevum3
1044 1198 1106 1261 170

58 1298 176 1381 inque
194 1301 291 1362 domo
308 1301 406 1363 soceri
422 1321 544 1383 semper
560 1301 742 1383 spectabere
758 1300 871 1378 nostri3

58 1403 118 1467 Ut
134 1425 210 1467 mea
225 1427 258 1467 se
275 1406 381 1486 sponsi
396 1405 513 1470 soletur
527 1406 663 1488 imagine
680 1405 816 1490 conjux!

61 1508 182 1573 Dixit:
209 1520 243 1572 et
258 1510 290 1572 in
306 1523 427 1593 partem
443 1511 641 1595 Phorcynida
656 1510 812 1574 transtulit
828 1510 923 1589 illam,

65 1614 127 1677 Ad
145 1636 242 1697 quam
258 1636 292 1678 se
308 1616 431 1697 trepido
446 1616 583 1679 Phineus
599 1616 775 1679 obverterat
789 1638 854 1679 ore.

65 1720 163 1782 Tum
180 1741 306 1804 quoque
322 1722 449 1785 conanti
464 1743 520 1785 sua
535 1722 662 1785 flectere
678 1721 798 1785 lumina
813 1721 919 1785 cervix
1043 1724 1106 1785 175

69 1824 225 1908 Diriguit,
242 1847 378 1908 saxoque
394 1826 554 1890 oculorum
571 1827 711 1890 induruit
726 1827 847 1890 humor.

76 1931 148 1993 Sed
164 1940 269 1994 tamen
285 1952 320 1994 os
336 1931 491 2008 timidum,
508 1931 675 2013 vultusque
690 1931 723 1993 in
738 1952 893 1994 marmore
908 1930 1051 2013 supplex,

80 2034 315 2119 Submissaeque
331 2058 453 2114 manus,
471 2036 628 2117 faciesque
645 2035 781 2099 obnoxia
796 2034 920 2098 mansit.

260 2288 464 2330 rnosnnrtnn
490 2288 635 2330 curuum)
661 2288 721 2329 ΟΠ
745 2287 787 2328 ΒΥ
812 2286 927 2329 ritmo.

530 2445 559 2485 v.
581 2426 658 2487 341.

134 2564 231 2629 Prima
246 2564 342 2627 Ceres
357 2585 441 2627 unco
456 2563 581 2646 glebam
597 2564 728 2626 dimovit
741 2576 863 2627 aratro:

93 2671 190 2734 Prima
203 2660 291 2733 dedit
306 2669 410 2753 surges
426 2668 637 2750 alimentaque
653 2668 742 2731 mitia
757 2668 865 2731 terris:
1047 2669 1110 2732 180

96 2776 192 2839 Prima
205 2775 292 2839 dedit
307 2774 402 2859 leges.
448 2774 571 2838 Cereris
587 2795 695 2837 sumus
711 2774 817 2837 omnia
832 2795 957 2838 munus.
1027 2817 1031 2825 ·

97 2882 150 2946 llla
163 2882 299 2945 canenda
314 2882 390 2945 mibi
405 2891 462 2945 est.
508 2880 638 2944 Utinam
654 2880 750 2943 modb
766 2879 872 2943 dicere
887 2901 1012 2963 possem

99 2988 231 3051 Carmina
246 2988 343 3070 digna
358 2988 427 3049 deae
440 2987 447 3049 l
471 2987 556 3050 certe
572 2987 634 3049 dea
648 2986 788 3049 carmine
804 2985 900 3067 digna
914 2996 973 3048 est.

141 3092 227 3155 Vasta
241 3092 395 3175 giganteis
410 3091 534 3174 ingesta
549 3100 598 3153 est
613 3089 715 3153 insula
730 3088 877 3151 membris

103 3198 252 3275 Trinacris,
268 3208 301 3260 et
316 3197 438 3280 magnis
453 3197 628 3280 subjectum
645 3193 779 3258 molibus
794 3203 909 3276 urguet
1048 3193 1110 3256 185

106 3302 241 3366 AEtherias
255 3324 367 3367 ausum
383 3323 508 3385 sperare
523 3301 680 3385 Typho'e'a
695 3300 796 3363 sedes.

108 3408 206 3472 Nititur
220 3407 269 3472 ille
286 3409 424 3491 quidem,
441 3417 621 3490 pugnatque
638 3427 799 3489 resurgere
814 3428 919 3489 saepe:

108 3517 207 3579 Dextra
221 3516 276 3579 sed
293 3514 435 3577 Ausonio
450 3534 561 3576 manus
576 3523 623 3575 est
639 3512 778 3595 subjecta
794 3511 916 3590 Peloro,

109 3620 197 3697 Laeva,
211 3619 367 3703 Pachyne,
384 3618 459 3697 tibi;
482 3617 624 3701 Lilybaeo
639 3639 730 3680 crura
745 3626 946 3699 premuntur:

111 3725 245 3810 Degrarat
260 3722 357 3788 AEtna
372 3734 486 3807 eaput3
510 3723 569 3787 sub
583 3722 648 3803 qut
662 3722 826 3804 resupinus
840 3742 953 3785 areum
1050 3720 1114 3781 190
