2567 4209
363 336 368 344 ·
483 311 581 361 BOOK
603 311 679 362 XIII.

24 484 141 549 Haec
160 485 215 549 illi
230 506 376 548 mensura
390 484 456 547 viro
471 484 651 566 respondet,
667 492 699 546 et
714 482 774 546 hac
788 490 836 545 est

27 590 114 654 Par
134 591 207 653 sibi
223 590 357 668 Pelides,
374 611 434 653 nec
448 589 553 653 inania
568 589 701 653 Tartara
716 588 820 651 sentit.

30 695 129 778 Ipse
149 697 267 773 etiarn,
284 705 328 772 ut,
345 696 432 780 cujus
448 695 550 772 fuerit,
566 714 756 777 cognoscere
771 692 880 775 possis,

34 800 152 864 Bella
170 812 283 863 movet
297 800 435 883 clypeus,
451 800 555 882 deque
570 800 664 863 annis
679 820 765 862 arura
780 799 931 861 feruntur.

41 907 137 969 Non
157 928 202 969 ea
218 906 368 989 Tydides,
386 928 450 969 non
465 907 563 969 audet
578 906 687 968 Oileos
704 905 794 989 Ajax,
1037 906 1100 967 150

44 1010 140 1073 Nou
158 1012 266 1073 minor
283 1010 418 1089 Atrides,
435 1032 498 1074 non
513 1010 598 1074 bello
612 1010 711 1095 major
726 1019 759 1073 et
773 1030 842 1073 aevo

46 1118 217 1194 Poscere,
235 1138 298 1180 non
315 1116 384 1180 alii:
409 1116 467 1181 soli
481 1116 656 1180 Telamone
672 1128 778 1180 creato
858 1132 860 1137 '

50 1207 262 1304 Laertaque,
279 1222 337 1284 fuit
353 1232 449 1285 tantae
465 1222 580 1285 fiducia
595 1221 706 1285 laudis.

55 1326 95 1389 A
113 1348 151 1389 se
169 1326 355 1390 Tantalides
370 1349 449 1392 onus
465 1328 676 1410 invidiamque
691 1326 833 1405 removit,

60 1431 300 1515 Argolicosque
316 1433 413 1496 duces
428 1433 539 1496 mediis
555 1434 717 1496 considere
734 1433 840 1497 castris
1038 1434 1100 1495 155

62 1536 181 1616 russo,
197 1549 231 1601 a
244 1538 404 1602 aruinum
419 1538 480 1602 nos
495 1539 615 1625 trajecit
630 1539 662 1603 in
678 1560 798 1603 omnes.
945 1522 948 1530 ’

431 2114 583 2181 BOOK
620 2114 748 2180 XIII.

172 2368 313 2411 GOMEST
337 2368 546 2411 concitamus
568 2369 636 2411 m
661 2369 743 2413 ms
767 2369 807 2412 Ol?
831 2368 1007 2413 nolimus.

386 2668 389 2671 ·
434 2648 562 2690 SPEECH
590 2650 629 2691 01·
654 2648 745 2691 Am.

546 2804 577 2847 v.
603 2789 633 2847 1.

91 2905 258 2971 Consedere
273 2908 388 2970 duces:
413 2915 455 2984 et,
470 2905 556 2990 vulgi
571 2917 673 2971 stante
689 2907 815 2987 corona,

94 3011 190 3094 Surgit
203 3013 242 3075 ad
258 3013 314 3075 hos
329 3012 431 3095 clypei
446 3012 592 3075 dominus
607 3012 817 3095 septemplicis
833 3012 926 3097 Ajax.

94 3116 189 3199 thue
202 3129 267 3181 erat
280 3117 445 3199 impatiens
460 3118 525 3194 irae,
543 3118 650 3199 SIge'ia
665 3128 754 3179 torvo

97 3222 190 3285 Litora
202 3222 345 3305 respexit,
361 3223 554 3305 classemque
570 3221 602 3284 in
617 3221 717 3299 litore,
734 3220 841 3285 vultu:

99 3328 312 3409 Intendensque
327 3349 449 3404 manus,
466 3327 628 3409 ‘Agimus
644 3327 701 3409 prd
717 3326 859 3417 Jupiter,'
877 3327 988 3411 inquit,
1082 3330 1103 3392 5

102 3433 189 3495 ‘Ante
203 3442 281 3495 rates
297 3453 433 3509 causam,
449 3443 482 3495 et
496 3454 620 3496 mecum
636 3433 795 3497 confertur
811 3432 958 3517 Ulysses!

103 3539 141 3604 At
153 3560 205 3601 non
218 3537 385 3601 Hectoreis
400 3537 552 3601 dubitavit
567 3538 680 3601 cedere
696 3540 847 3615 flammis;

105 3643 179 3712 Quas
191 3664 247 3726 ego
262 3642 405 3719 sustinui,
421 3664 498 3724 quas
514 3644 574 3705 hac
589 3664 608 3705 a
623 3642 721 3705 classe
738 3642 854 3723 fugavi.

106 3750 198 3813 Tutius
210 3760 258 3811 est
272 3749 353 3812 fictis
367 3748 461 3830 igitur
476 3747 668 3810 contendere
684 3745 803 3820 verbis,¹

108 3856 195 3927 Qu'am
207 3874 345 3938 pugnare
361 3872 468 3914 manu.
514 3851 581 3912 Sed
597 3870 658 3911 nec
672 3848 748 3911 rnilri
763 3847 868 3909 dicere
883 3850 1073 3926 promptum,
