2567 4209
529 299 628 349 Boon
651 299 723 350 XIV.

99 466 228 531 Astraei
242 466 380 548 turbant,
395 479 521 563 eteunt
534 470 568 535 iu
584 470 702 553 proelia,
719 468 839 533 fratres.

103 572 136 635 E
155 574 273 656 quibus
287 575 370 639 alma
384 596 497 659 pareus
511 576 606 639 unius
619 575 734 639 viribus
749 596 816 653 usa,

106 680 258 761 Stuppea
273 681 455 763 praerumpit
470 681 611 765 Pbrygiae
628 680 798 744 retinacula
812 679 936 744 elassis:

105 782 249 866 Fertque
265 795 347 848 rates
362 806 486 867 pronas,
501 786 669 868 medioque
684 785 742 849 sub
757 806 883 869 aequore
898 783 1022 869 mergit.
1091 787 1139 850 40

105 888 240 951 Robore
256 889 383 968 mollito,
399 889 545 974 lignoque
560 890 593 953 in
608 911 740 973 corpora
754 911 854 969 verso,

105 991 150 1055 In
167 994 305 1075 capitum
320 994 431 1058 faeiem
446 1014 569 1077 puppes
582 1005 743 1059 mutantur
756 996 908 1059 ndunoae:

107 1096 151 1160 In
168 1098 281 1181 digitos
296 1099 423 1177 abeunt,
439 1109 472 1164 et
486 1120 576 1163 crura
590 1100 740 1176 natantia,
755 1100 850 1163 remi:
945 1173 952 1191 ἱ

112 1203 277 1286 Quodque
294 1204 378 1287 priris
393 1204 504 1282 suerat,
520 1203 601 1268 tatus
614 1215 680 1267 est:
705 1205 877 1287 mediisque
892 1204 997 1269 muna

113 1308 252 1372 Subdita
268 1309 408 1392 navigiis,
424 1310 522 1391 spinae
537 1319 676 1373 mutatur
689 1310 721 1373 iu
737 1330 839 1373 usum.
1095 1310 1139 1373 45

110 1412 198 1477 Lina
213 1436 313 1478 comae
328 1414 449 1492 molles,
464 1424 612 1477 antennae
627 1414 754 1479 brachia
768 1415 858 1478 fiunt.

111 1518 267 1597 Caerulus,
284 1529 319 1582 ut
334 1518 445 1597 fuerat,
460 1519 545 1583 color
559 1529 616 1582 est.
664 1520 816 1603 Quasque
830 1520 904 1583 ante
921 1518 1083 1599 timebant,

112 1622 189 1686 Illas
203 1624 347 1706 virgineis
361 1634 510 1688 exeroent
523 1624 640 1688 lusibus
655 1626 756 1689 undas

114 1728 237 1791 Naides
252 1750 422 1812 aequoreae:
446 1730 593 1812 durisque
607 1730 814 1794 inmontibus
828 1740 906 1793 ortae

114 1832 213 1895 Molle
229 1833 342 1897 fretum
358 1833 533 1897 celebrant:
558 1854 619 1898 nec
633 1854 687 1897 eas
702 1854 759 1899 sue
773 1834 873 1917 tangit
887 1835 984 1917 origo.
1095 1838 1139 1899 50

116 1937 193 2001 Non
209 1948 314 2001 tamen
329 1938 445 2016 oblitae,
460 1939 555 2021 quam
569 1937 669 2002 multa
683 1938 821 2021 pericula
836 1958 922 2001 saevo

116 2042 302 2107 Pertulerint
316 2044 438 2126 pelago,
451 2042 574 2128 jactatis
589 2061 674 2125 saepe
690 2043 803 2107 earinis

118 2148 318 2230 Supposuere
334 2169 464 2211 manus:
489 2147 548 2210 nisi
563 2148 590 2210 si
604 2168 667 2230 qua
683 2147 817 2211 vehebat
832 2146 979 2213 Achivos.

118 2252 222 2316 Cladis
237 2254 342 2317 adhuc
357 2252 500 2336 Phrygiae
515 2273 679 2331 memores,
695 2254 790 2317 odere
805 2252 961 2337 Pelasgos.

165 2360 243 2441 Spes
258 2369 334 2435 erat,
350 2358 383 2421 in
398 2358 551 2441 nymphas
565 2358 703 2422 animate
718 2358 816 2422 classe
832 2357 975 2437 marinas,
1095 2361 1139 2423 55

118 2463 214 2527 Posse
226 2475 315 2527 metu
330 2464 459 2527 monstri
473 2464 628 2526 Rutulum
643 2464 791 2527 desistere
808 2464 898 2527 bello.
965 2508 967 2517 κ

119 2566 256 2633 Perstat:
281 2568 438 2650 habetque
452 2568 530 2630 deos
544 2589 615 2650 pars
628 2578 771 2649 utraque,
787 2568 912 2649 quique,
928 2568 1059 2631 deorum

120 2674 229 2751 Instar,
245 2673 363 2737 habent
376 2672 507 2736 animos.
553 2672 625 2736 Nee
635 2673 701 2757 jam
717 2670 832 2735 dotalia
846 2692 953 2754 regna,

121 2780 189 2843 Nec
203 2777 303 2842 soceri
317 2789 484 2860 soeptnun,
501 2798 561 2842 neo
575 2788 617 2855 te,
633 2777 765 2841 Lavinia
780 2778 876 2861 virgo,
1002 2790 1005 2795 '

121 2885 185 2947 Sed
202 2883 308 2948 vicisse
324 2894 451 2966 petunt:
476 2883 718 2966 deponendique
734 2884 853 2966 pudore
1096 2887 1140 2948 60

123 2988 207 3053 Bella
220 2998 343 3071 gerunt.
388 2989 596 3070 Tandemque
610 2987 719 3051 Venus
734 2988 870 3051 victricia
886 2989 950 3053 nati

123 3093 217 3157 Arma
231 3093 326 3171 videt,
342 3092 531 3174 Turnusque
547 3092 651 3168 cadit3
674 3092 758 3155 eadit
774 3091 889 3168 Ardea,
904 3092 1015 3155 Turno

123 3199 255 3282 Sospite,
270 3198 356 3261 dieta
369 3206 492 3279 potens.
539 3196 646 3265 Quam
662 3206 826 3277 postquam
841 3196 988 3259 barbarus
1004 3195 1084 3279 iguis

122 3304 266 3381 Abstulit,
282 3314 315 3365 et
329 3302 437 3385 tepidis
451 3301 609 3365 latuerunt
623 3311 708 3364 tecta
723 3300 836 3379 saville,

123 3409 274 3492 Congerie
289 3429 308 3469 e
323 3406 429 3470 medie
443 3417 510 3469 tum
525 3406 657 3489 primum
673 3405 800 3489 cognita
815 3427 937 3489 praepes
1096 3408 1140 3469 65

124 3515 281 3590 Subrolat,
297 3523 330 3575 et
344 3512 466 3575 cineres
479 3510 595 3593 plausis
609 3510 771 3573 everberat
785 3510 850 3573 alis.

125 3620 162 3687 Et
175 3640 281 3697 sonus,
297 3628 330 3680 et
343 3615 470 3694 macies,
485 3626 518 3679 et
532 3614 640 3697 pallor,
656 3624 690 3677 et
704 3614 819 3689 omnia,
834 3623 959 3692 captam
