<?xml version="1.0" encoding="UTF-8"?>
<!DOCTYPE html PUBLIC "-//W3C//DTD XHTML 1.0 Transitional//EN"
    "http://www.w3.org/TR/xhtml1/DTD/xhtml1-transitional.dtd">
<html xmlns="http://www.w3.org/1999/xhtml" xml:lang="en" lang="en">
 <head>
  <title>
</title>
<meta http-equiv="Content-Type" content="text/html;charset=utf-8" />
  <meta name='ocr-system' content='tesseract 3.04.00' />
  <meta name='ocr-capabilities' content='ocr_page ocr_carea ocr_par ocr_line ocrx_word'/>
</head>
<body>
  <div class='ocr_page' id='page_1' title='image "./selectionsfromm00andrgoog_0098.png"; bbox 0 0 2567 4209; ppageno 0'>
   <div class='ocr_carea' id='block_1_1' title="bbox 169 328 917 401">
    <p class='ocr_par' dir='ltr' id='par_1_1' title="bbox 169 328 917 401">
     <span class='ocr_line' id='line_1_1' title="bbox 169 328 917 401; baseline -0.001 -20"><span class='ocrx_word' id='word_1_1' title='bbox 169 336 213 401; x_wconf 83' lang='lat'>90</span> <span class='ocrx_word' id='word_1_2' title='bbox 445 331 565 381; x_wconf 75' lang='lat' dir='ltr'>ovro’s</span> <span class='ocrx_word' id='word_1_3' title='bbox 586 328 917 381; x_wconf 76' lang='lat' dir='ltr'>unrnmonrnosns.</span> 
     </span>
    </p>
   </div>
   <div class='ocr_carea' id='block_1_2' title="bbox 168 501 1201 3625">
    <p class='ocr_par' dir='ltr' id='par_1_2' title="bbox 169 501 868 583">
     <span class='ocr_line' id='line_1_2' title="bbox 169 501 868 583; baseline -0.003 -16"><span class='ocrx_word' id='word_1_4' title='bbox 169 502 382 567; x_wconf 74' lang='lat' dir='ltr'>Bacchantum</span> <span class='ocrx_word' id='word_1_5' title='bbox 399 503 460 565; x_wconf 90' lang='lat' dir='ltr'>ritu</span> <span class='ocrx_word' id='word_1_6' title='bbox 474 502 641 583; x_wconf 80' lang='lat' dir='ltr'>flagrantes</span> <span class='ocrx_word' id='word_1_7' title='bbox 657 501 766 565; x_wconf 86' lang='lat' dir='ltr'><strong>circuit</strong></span> <span class='ocrx_word' id='word_1_8' title='bbox 781 522 868 565; x_wconf 87' lang='lat' dir='ltr'>aras:</span> 
     </span>
    </p>

    <p class='ocr_par' dir='ltr' id='par_1_3' title="bbox 168 606 1196 797">
     <span class='ocr_line' id='line_1_3' title="bbox 169 606 1196 690; baseline -0.003 -18"><span class='ocrx_word' id='word_1_9' title='bbox 169 607 403 690; x_wconf 86' lang='lat' dir='ltr'>Multifidasque</span> <span class='ocrx_word' id='word_1_10' title='bbox 419 607 503 671; x_wconf 78' lang='lat' dir='ltr'>faces</span> <span class='ocrx_word' id='word_1_11' title='bbox 517 608 550 669; x_wconf 93' lang='lat' dir='ltr'>in</span> <span class='ocrx_word' id='word_1_12' title='bbox 566 607 649 669; x_wconf 77' lang='lat' dir='ltr'>fossis</span> <span class='ocrx_word' id='word_1_13' title='bbox 664 606 823 688; x_wconf 82' lang='lat' dir='ltr'>sanguinis</span> <span class='ocrx_word' id='word_1_14' title='bbox 838 606 906 669; x_wconf 74' lang='lat' dir='ltr'>atris</span> <span class='ocrx_word' id='word_1_15' title='bbox 1132 610 1196 669; x_wconf 88' lang='grc'>115</span> 
     </span>
     <span class='ocr_line' id='line_1_4' title="bbox 168 710 936 797; baseline -0.001 -23"><span class='ocrx_word' id='word_1_16' title='bbox 168 711 287 797; x_wconf 84' lang='lat' dir='ltr'><strong>Tingit,</strong></span> <span class='ocrx_word' id='word_1_17' title='bbox 303 722 336 775; x_wconf 93' lang='lat' dir='ltr'>et</span> <span class='ocrx_word' id='word_1_18' title='bbox 350 713 496 775; x_wconf 86' lang='lat' dir='ltr'>intinctas</span> <span class='ocrx_word' id='word_1_19' title='bbox 511 711 643 793; x_wconf 86' lang='lat' dir='ltr'>geminis</span> <span class='ocrx_word' id='word_1_20' title='bbox 658 710 804 774; x_wconf 84' lang='lat' dir='ltr'>accendit</span> <span class='ocrx_word' id='word_1_21' title='bbox 818 711 851 773; x_wconf 93' lang='lat' dir='ltr'>in</span> <span class='ocrx_word' id='word_1_22' title='bbox 866 712 936 774; x_wconf 84' lang='lat' dir='ltr'>aris.</span> 
     </span>
    </p>

    <p class='ocr_par' dir='ltr' id='par_1_4' title="bbox 169 814 1069 1003">
     <span class='ocr_line' id='line_1_5' title="bbox 169 814 1069 899; baseline 0.001 -20"><span class='ocrx_word' id='word_1_23' title='bbox 169 816 294 899; x_wconf 86' lang='lat' dir='ltr'>Terque</span> <span class='ocrx_word' id='word_1_24' title='bbox 310 838 418 880; x_wconf 89' lang='lat' dir='ltr'>senem</span> <span class='ocrx_word' id='word_1_25' title='bbox 433 818 568 894; x_wconf 72' lang='lat' dir='ltr'>flammis,</span> <span class='ocrx_word' id='word_1_26' title='bbox 585 826 631 879; x_wconf 92' lang='lat' dir='ltr'>ter</span> <span class='ocrx_word' id='word_1_27' title='bbox 645 816 737 897; x_wconf 74' lang='lat' dir='ltr'>aqud,</span> <span class='ocrx_word' id='word_1_28' title='bbox 754 826 800 879; x_wconf 90' lang='lat' dir='ltr'>ter</span> <span class='ocrx_word' id='word_1_29' title='bbox 816 815 931 878; x_wconf 88' lang='lat' dir='ltr'>sulfure</span> <span class='ocrx_word' id='word_1_30' title='bbox 947 814 1069 880; x_wconf 85' lang='lat' dir='ltr'>lustrat.</span> 
     </span>
     <span class='ocr_line' id='line_1_6' title="bbox 169 920 870 1003; baseline -0.003 -19"><span class='ocrx_word' id='word_1_31' title='bbox 169 921 293 984; x_wconf 85' lang='lat' dir='ltr'>Interea</span> <span class='ocrx_word' id='word_1_32' title='bbox 308 920 444 985; x_wconf 86' lang='lat' dir='ltr'>validum</span> <span class='ocrx_word' id='word_1_33' title='bbox 460 921 562 1003; x_wconf 91' lang='lat' dir='ltr'>posito</span> <span class='ocrx_word' id='word_1_34' title='bbox 576 921 772 983; x_wconf 78' lang='lat' dir='ltr'>medicamen</span> <span class='ocrx_word' id='word_1_35' title='bbox 788 923 870 983; x_wconf 72' lang='lat' dir='ltr'>aeno</span> 
     </span>
    </p>

    <p class='ocr_par' dir='ltr' id='par_1_5' title="bbox 169 1024 1013 1108">
     <span class='ocr_line' id='line_1_7' title="bbox 169 1024 1013 1108; baseline -0.001 -19"><span class='ocrx_word' id='word_1_36' title='bbox 169 1026 292 1103; x_wconf 85' lang='lat' dir='ltr'>Fervet,</span> <span class='ocrx_word' id='word_1_37' title='bbox 308 1037 341 1090; x_wconf 90' lang='lat' dir='ltr'>et</span> <span class='ocrx_word' id='word_1_38' title='bbox 355 1027 500 1103; x_wconf 81' lang='lat' dir='ltr'>exsultet,</span> <span class='ocrx_word' id='word_1_39' title='bbox 516 1025 695 1108; x_wconf 82' lang='lat' dir='ltr'>spumisque</span> <span class='ocrx_word' id='word_1_40' title='bbox 712 1024 903 1087; x_wconf 80' lang='lat' dir='ltr'>tumentibus</span> <span class='ocrx_word' id='word_1_41' title='bbox 918 1024 1013 1088; x_wconf 89' lang='lat' dir='ltr'>albet.</span> 
     </span>
    </p>

    <p class='ocr_par' dir='ltr' id='par_1_6' title="bbox 170 1129 1201 1319">
     <span class='ocr_line' id='line_1_8' title="bbox 170 1129 1201 1204; baseline -0.001 -10"><span class='ocrx_word' id='word_1_42' title='bbox 170 1130 237 1194; x_wconf 88' lang='lat' dir='ltr'>Illic</span> <span class='ocrx_word' id='word_1_43' title='bbox 252 1130 420 1194; x_wconf 69' lang='lat' dir='ltr'>Haemonia</span> <span class='ocrx_word' id='word_1_44' title='bbox 433 1131 554 1194; x_wconf 77' lang='lat' dir='ltr'>radices</span> <span class='ocrx_word' id='word_1_45' title='bbox 569 1129 649 1192; x_wconf 86' lang='lat' dir='ltr'>valle</span> <span class='ocrx_word' id='word_1_46' title='bbox 665 1138 810 1204; x_wconf 81' lang='lat' dir='ltr'>resectas,</span> <span class='ocrx_word' id='word_1_47' title='bbox 1136 1133 1201 1193; x_wconf 72' lang='lat'>120</span> 
     </span>
     <span class='ocr_line' id='line_1_9' title="bbox 171 1234 990 1319; baseline -0.002 -20"><span class='ocrx_word' id='word_1_48' title='bbox 171 1236 371 1319; x_wconf 81' lang='lat' dir='ltr'>Seminaque,</span> <span class='ocrx_word' id='word_1_49' title='bbox 387 1236 550 1318; x_wconf 88' lang='lat' dir='ltr'>floresque,</span> <span class='ocrx_word' id='word_1_50' title='bbox 566 1246 599 1298; x_wconf 90' lang='lat' dir='ltr'>et</span> <span class='ocrx_word' id='word_1_51' title='bbox 613 1255 723 1297; x_wconf 91' lang='lat' dir='ltr'>succos</span> <span class='ocrx_word' id='word_1_52' title='bbox 738 1234 878 1315; x_wconf 91' lang='lat' dir='ltr'>incoquit</span> <span class='ocrx_word' id='word_1_53' title='bbox 892 1256 990 1297; x_wconf 79' lang='lat' dir='ltr'>acres.</span> 
     </span>
    </p>

    <p class='ocr_par' dir='ltr' id='par_1_7' title="bbox 171 1340 862 1425">
     <span class='ocr_line' id='line_1_10' title="bbox 171 1340 862 1425; baseline -0.004 -21"><span class='ocrx_word' id='word_1_54' title='bbox 171 1341 289 1425; x_wconf 88' lang='lat' dir='ltr'>Adjicit</span> <span class='ocrx_word' id='word_1_55' title='bbox 303 1352 443 1404; x_wconf 86' lang='lat' dir='ltr'>extremo</span> <span class='ocrx_word' id='word_1_56' title='bbox 457 1340 576 1424; x_wconf 88' lang='lat' dir='ltr'>lapides</span> <span class='ocrx_word' id='word_1_57' title='bbox 592 1340 722 1403; x_wconf 85' lang='lat' dir='ltr'>Oriente</span> <span class='ocrx_word' id='word_1_58' title='bbox 739 1340 862 1421; x_wconf 89' lang='lat' dir='ltr'>petitos,</span> 
     </span>
    </p>

    <p class='ocr_par' dir='ltr' id='par_1_8' title="bbox 172 1444 933 1527">
     <span class='ocr_line' id='line_1_11' title="bbox 172 1444 933 1527; baseline -0.003 -19"><span class='ocrx_word' id='word_1_59' title='bbox 172 1445 223 1524; x_wconf 82' lang='lat' dir='ltr'>Et,</span> <span class='ocrx_word' id='word_1_60' title='bbox 238 1467 314 1527; x_wconf 83' lang='lat' dir='ltr'>ques</span> <span class='ocrx_word' id='word_1_61' title='bbox 329 1445 451 1509; x_wconf 85' lang='lat' dir='ltr'>Oceani</span> <span class='ocrx_word' id='word_1_62' title='bbox 466 1446 597 1508; x_wconf 89' lang='lat' dir='ltr'>refluum</span> <span class='ocrx_word' id='word_1_63' title='bbox 613 1465 697 1507; x_wconf 89' lang='lat' dir='ltr'>mare</span> <span class='ocrx_word' id='word_1_64' title='bbox 713 1444 796 1519; x_wconf 89' lang='lat' dir='ltr'>lavit,</span> <span class='ocrx_word' id='word_1_65' title='bbox 812 1464 933 1506; x_wconf 82' lang='lat' dir='ltr'>arenas.</span> 
     </span>
    </p>

    <p class='ocr_par' dir='ltr' id='par_1_9' title="bbox 172 1548 903 1632">
     <span class='ocr_line' id='line_1_12' title="bbox 172 1548 903 1632; baseline -0.005 -19"><span class='ocrx_word' id='word_1_66' title='bbox 172 1551 271 1614; x_wconf 90' lang='lat' dir='ltr'>Addit</span> <span class='ocrx_word' id='word_1_67' title='bbox 285 1560 318 1613; x_wconf 91' lang='lat' dir='ltr'>et</span> <span class='ocrx_word' id='word_1_68' title='bbox 332 1561 479 1632; x_wconf 83' lang='lat' dir='ltr'>exceptas</span> <span class='ocrx_word' id='word_1_69' title='bbox 494 1548 587 1611; x_wconf 71' lang='lat' dir='ltr'>Lund</span> <span class='ocrx_word' id='word_1_70' title='bbox 601 1559 750 1630; x_wconf 87' lang='lat' dir='ltr'>pernocte</span> <span class='ocrx_word' id='word_1_71' title='bbox 767 1548 903 1630; x_wconf 89' lang='lat' dir='ltr'>pruinas.</span> 
     </span>
    </p>

    <p class='ocr_par' dir='ltr' id='par_1_10' title="bbox 171 1650 1198 1841">
     <span class='ocr_line' id='line_1_13' title="bbox 171 1650 1198 1735; baseline -0.002 -18"><span class='ocrx_word' id='word_1_72' title='bbox 171 1654 231 1717; x_wconf 91' lang='lat' dir='ltr'>His</span> <span class='ocrx_word' id='word_1_73' title='bbox 245 1664 278 1715; x_wconf 91' lang='lat' dir='ltr'>et</span> <span class='ocrx_word' id='word_1_74' title='bbox 292 1653 376 1716; x_wconf 85' lang='lat' dir='ltr'>mille</span> <span class='ocrx_word' id='word_1_75' title='bbox 390 1654 458 1715; x_wconf 83' lang='lat' dir='ltr'>eliis</span> <span class='ocrx_word' id='word_1_76' title='bbox 474 1663 639 1735; x_wconf 84' lang='lat' dir='ltr'>postquam</span> <span class='ocrx_word' id='word_1_77' title='bbox 655 1653 721 1715; x_wconf 91' lang='lat' dir='ltr'>sine</span> <span class='ocrx_word' id='word_1_78' title='bbox 737 1652 863 1716; x_wconf 91' lang='lat' dir='ltr'>nomine</span> <span class='ocrx_word' id='word_1_79' title='bbox 879 1650 971 1714; x_wconf 90' lang='lat' dir='ltr'>rebus</span> <span class='ocrx_word' id='word_1_80' title='bbox 1136 1655 1198 1717; x_wconf 76' lang='lat'>125</span> 
     </span>
     <span class='ocr_line' id='line_1_14' title="bbox 172 1756 953 1841; baseline -0.003 -20"><span class='ocrx_word' id='word_1_81' title='bbox 172 1758 366 1841; x_wconf 87' lang='lat' dir='ltr'>Propositum</span> <span class='ocrx_word' id='word_1_82' title='bbox 382 1757 526 1820; x_wconf 84' lang='lat' dir='ltr'>instruxit</span> <span class='ocrx_word' id='word_1_83' title='bbox 539 1756 661 1819; x_wconf 82' lang='lat' dir='ltr'>mortali</span> <span class='ocrx_word' id='word_1_84' title='bbox 677 1756 808 1820; x_wconf 85' lang='lat' dir='ltr'>berbare</span> <span class='ocrx_word' id='word_1_85' title='bbox 821 1778 953 1834; x_wconf 85' lang='lat' dir='ltr'>munus3</span> 
     </span>
    </p>

    <p class='ocr_par' dir='ltr' id='par_1_11' title="bbox 171 1860 783 1948">
     <span class='ocr_line' id='line_1_15' title="bbox 171 1860 783 1948; baseline -0.005 -23"><span class='ocrx_word' id='word_1_86' title='bbox 171 1861 283 1926; x_wconf 90' lang='lat' dir='ltr'>Arenti</span> <span class='ocrx_word' id='word_1_87' title='bbox 296 1884 384 1927; x_wconf 87' lang='lat' dir='ltr'>ramo</span> <span class='ocrx_word' id='word_1_88' title='bbox 395 1861 581 1948; x_wconf 87' lang='lat' dir='ltr'>jampridem</span> <span class='ocrx_word' id='word_1_89' title='bbox 596 1861 679 1923; x_wconf 90' lang='lat' dir='ltr'>mitis</span> <span class='ocrx_word' id='word_1_90' title='bbox 694 1860 783 1923; x_wconf 83' lang='lat' dir='ltr'>olivae</span> 
     </span>
    </p>

    <p class='ocr_par' dir='ltr' id='par_1_12' title="bbox 172 1965 957 2048">
     <span class='ocr_line' id='line_1_16' title="bbox 172 1965 957 2048; baseline -0.001 -17"><span class='ocrx_word' id='word_1_91' title='bbox 172 1968 288 2032; x_wconf 88' lang='lat' dir='ltr'>Omnia</span> <span class='ocrx_word' id='word_1_92' title='bbox 303 1968 478 2046; x_wconf 85' lang='lat' dir='ltr'>confundit,</span> <span class='ocrx_word' id='word_1_93' title='bbox 494 1966 684 2048; x_wconf 92' lang='lat' dir='ltr'>summisque</span> <span class='ocrx_word' id='word_1_94' title='bbox 699 1965 870 2029; x_wconf 85' lang='lat' dir='ltr'>immiscuit</span> <span class='ocrx_word' id='word_1_95' title='bbox 884 1966 957 2030; x_wconf 88' lang='lat' dir='ltr'>ima.</span> 
     </span>
    </p>

    <p class='ocr_par' dir='ltr' id='par_1_13' title="bbox 172 2071 839 2153">
     <span class='ocr_line' id='line_1_17' title="bbox 172 2071 839 2153; baseline -0.007 -16"><span class='ocrx_word' id='word_1_96' title='bbox 172 2074 256 2138; x_wconf 87' lang='lat' dir='ltr'>Ecce</span> <span class='ocrx_word' id='word_1_97' title='bbox 271 2084 360 2137; x_wconf 90' lang='lat' dir='ltr'>vetus</span> <span class='ocrx_word' id='word_1_98' title='bbox 375 2074 478 2137; x_wconf 85' lang='lat' dir='ltr'>calido</span> <span class='ocrx_word' id='word_1_99' title='bbox 493 2081 631 2135; x_wconf 80' lang='lat' dir='ltr'>versutus</span> <span class='ocrx_word' id='word_1_100' title='bbox 647 2071 742 2153; x_wconf 86' lang='lat' dir='ltr'>stipes</span> <span class='ocrx_word' id='word_1_101' title='bbox 757 2074 839 2133; x_wconf 69' lang='lat' dir='ltr'>aeno</span> 
     </span>
    </p>

    <p class='ocr_par' dir='ltr' id='par_1_14' title="bbox 171 2175 1196 2364">
     <span class='ocr_line' id='line_1_18' title="bbox 173 2175 1196 2261; baseline -0.002 -19"><span class='ocrx_word' id='word_1_102' title='bbox 173 2178 223 2242; x_wconf 80' lang='lat' dir='ltr'>Fit</span> <span class='ocrx_word' id='word_1_103' title='bbox 237 2179 341 2241; x_wconf 88' lang='lat' dir='ltr'>viridis</span> <span class='ocrx_word' id='word_1_104' title='bbox 357 2178 465 2261; x_wconf 83' lang='lat' dir='ltr'>primd,</span> <span class='ocrx_word' id='word_1_105' title='bbox 483 2198 542 2240; x_wconf 91' lang='lat' dir='ltr'>nec</span> <span class='ocrx_word' id='word_1_106' title='bbox 558 2176 653 2259; x_wconf 90' lang='lat' dir='ltr'>longo</span> <span class='ocrx_word' id='word_1_107' title='bbox 669 2186 807 2258; x_wconf 87' lang='lat' dir='ltr'>tempore</span> <span class='ocrx_word' id='word_1_108' title='bbox 824 2175 967 2239; x_wconf 82' lang='lat' dir='ltr'>frondem</span> <span class='ocrx_word' id='word_1_109' title='bbox 1135 2179 1196 2241; x_wconf 82' lang='lat'>130</span> 
     </span>
     <span class='ocr_line' id='line_1_19' title="bbox 171 2280 878 2364; baseline -0.001 -18"><span class='ocrx_word' id='word_1_110' title='bbox 171 2284 288 2360; x_wconf 91' lang='lat' dir='ltr'>Induit,</span> <span class='ocrx_word' id='word_1_111' title='bbox 304 2293 337 2346; x_wconf 91' lang='lat' dir='ltr'>et</span> <span class='ocrx_word' id='word_1_112' title='bbox 351 2282 454 2345; x_wconf 85' lang='lat' dir='ltr'>subitb</span> <span class='ocrx_word' id='word_1_113' title='bbox 468 2282 604 2364; x_wconf 84' lang='lat' dir='ltr'>gravidis</span> <span class='ocrx_word' id='word_1_114' title='bbox 619 2292 765 2345; x_wconf 87' lang='lat' dir='ltr'>oneratur</span> <span class='ocrx_word' id='word_1_115' title='bbox 780 2280 878 2345; x_wconf 88' lang='lat' dir='ltr'>olivis.</span> 
     </span>
    </p>

    <p class='ocr_par' dir='ltr' id='par_1_15' title="bbox 173 2386 878 2471">
     <span class='ocr_line' id='line_1_20' title="bbox 173 2386 878 2471; baseline -0.004 -19"><span class='ocrx_word' id='word_1_116' title='bbox 173 2388 217 2452; x_wconf 93' lang='lat' dir='ltr'>At</span> <span class='ocrx_word' id='word_1_117' title='bbox 231 2389 418 2469; x_wconf 72' lang='lat' dir='ltr'>quecunque</span> <span class='ocrx_word' id='word_1_118' title='bbox 433 2406 512 2449; x_wconf 84' lang='lat' dir='ltr'>cavo</span> <span class='ocrx_word' id='word_1_119' title='bbox 527 2407 652 2468; x_wconf 88' lang='lat' dir='ltr'>spumas</span> <span class='ocrx_word' id='word_1_120' title='bbox 668 2387 760 2471; x_wconf 89' lang='lat' dir='ltr'>ejecit</span> <span class='ocrx_word' id='word_1_121' title='bbox 774 2386 878 2450; x_wconf 86' lang='lat' dir='ltr'>aheno</span> 
     </span>
    </p>

    <p class='ocr_par' dir='ltr' id='par_1_16' title="bbox 172 2490 929 2575">
     <span class='ocr_line' id='line_1_21' title="bbox 172 2490 929 2575; baseline -0.003 -19"><span class='ocrx_word' id='word_1_122' title='bbox 172 2494 268 2575; x_wconf 84' lang='lat' dir='ltr'>Ignis,</span> <span class='ocrx_word' id='word_1_123' title='bbox 284 2502 316 2556; x_wconf 92' lang='lat' dir='ltr'>et</span> <span class='ocrx_word' id='word_1_124' title='bbox 331 2493 362 2556; x_wconf 87' lang='lat' dir='ltr'>in</span> <span class='ocrx_word' id='word_1_125' title='bbox 379 2502 490 2555; x_wconf 85' lang='lat' dir='ltr'>terrem</span> <span class='ocrx_word' id='word_1_126' title='bbox 506 2502 604 2575; x_wconf 75' lang='lat' dir='ltr'>guttas</span> <span class='ocrx_word' id='word_1_127' title='bbox 620 2492 763 2555; x_wconf 70' lang='lat' dir='ltr'>cecidere</span> <span class='ocrx_word' id='word_1_128' title='bbox 779 2490 929 2570; x_wconf 86' lang='lat' dir='ltr'>calentes,</span> 
     </span>
    </p>

    <p class='ocr_par' dir='ltr' id='par_1_17' title="bbox 172 2595 1059 2681">
     <span class='ocr_line' id='line_1_22' title="bbox 172 2595 1059 2681; baseline -0.001 -19"><span class='ocrx_word' id='word_1_129' title='bbox 172 2597 290 2662; x_wconf 85' lang='lat' dir='ltr'>Vernet</span> <span class='ocrx_word' id='word_1_130' title='bbox 305 2597 428 2676; x_wconf 90' lang='lat' dir='ltr'>humus,</span> <span class='ocrx_word' id='word_1_131' title='bbox 444 2597 606 2681; x_wconf 85' lang='lat' dir='ltr'>floresque,</span> <span class='ocrx_word' id='word_1_132' title='bbox 622 2607 656 2661; x_wconf 92' lang='lat' dir='ltr'>et</span> <span class='ocrx_word' id='word_1_133' title='bbox 670 2595 775 2660; x_wconf 86' lang='lat' dir='ltr'>mollia</span> <span class='ocrx_word' id='word_1_134' title='bbox 790 2596 904 2679; x_wconf 80' lang='lat' dir='ltr'>pabula</span> <span class='ocrx_word' id='word_1_135' title='bbox 919 2608 1059 2679; x_wconf 87' lang='lat' dir='ltr'>surgunt.</span> 
     </span>
    </p>

    <p class='ocr_par' dir='ltr' id='par_1_18' title="bbox 172 2700 1192 2892">
     <span class='ocr_line' id='line_1_23' title="bbox 173 2700 1192 2779; baseline 0.003 -14"><span class='ocrx_word' id='word_1_136' title='bbox 173 2704 270 2773; x_wconf 77' lang='lat' dir='ltr'>Quod</span> <span class='ocrx_word' id='word_1_137' title='bbox 286 2702 377 2766; x_wconf 86' lang='lat' dir='ltr'>simul</span> <span class='ocrx_word' id='word_1_138' title='bbox 391 2724 430 2766; x_wconf 84' lang='lat' dir='ltr'>nc</span> <span class='ocrx_word' id='word_1_139' title='bbox 445 2703 532 2779; x_wconf 88' lang='lat' dir='ltr'>vidit,</span> <span class='ocrx_word' id='word_1_140' title='bbox 548 2702 655 2766; x_wconf 91' lang='lat' dir='ltr'>stricto</span> <span class='ocrx_word' id='word_1_141' title='bbox 670 2701 787 2765; x_wconf 84' lang='lat' dir='ltr'>Medea</span> <span class='ocrx_word' id='word_1_142' title='bbox 802 2700 935 2764; x_wconf 89' lang='lat' dir='ltr'>recludit</span> <span class='ocrx_word' id='word_1_143' title='bbox 1131 2706 1192 2769; x_wconf 84' lang='lat'>135</span> 
     </span>
     <span class='ocr_line' id='line_1_24' title="bbox 172 2806 993 2892; baseline -0.004 -21"><span class='ocrx_word' id='word_1_144' title='bbox 172 2808 257 2871; x_wconf 84' lang='lat' dir='ltr'>Ense</span> <span class='ocrx_word' id='word_1_145' title='bbox 273 2808 355 2871; x_wconf 90' lang='lat' dir='ltr'>senis</span> <span class='ocrx_word' id='word_1_146' title='bbox 366 2806 522 2892; x_wconf 85' lang='lat' dir='ltr'>jugulum,</span> <span class='ocrx_word' id='word_1_147' title='bbox 538 2817 737 2889; x_wconf 81' lang='lat' dir='ltr'>veteremque</span> <span class='ocrx_word' id='word_1_148' title='bbox 753 2806 836 2869; x_wconf 82' lang='lat' dir='ltr'>exire</span> <span class='ocrx_word' id='word_1_149' title='bbox 852 2827 993 2869; x_wconf 88' lang='lat' dir='ltr'>cruorem</span> 
     </span>
    </p>

    <p class='ocr_par' dir='ltr' id='par_1_19' title="bbox 173 2908 1117 3099">
     <span class='ocr_line' id='line_1_25' title="bbox 173 2908 1117 2993; baseline -0.002 -18"><span class='ocrx_word' id='word_1_150' title='bbox 173 2913 277 2988; x_wconf 83' lang='lat' dir='ltr'>Passa,</span> <span class='ocrx_word' id='word_1_151' title='bbox 293 2909 391 2993; x_wconf 91' lang='lat' dir='ltr'>replet</span> <span class='ocrx_word' id='word_1_152' title='bbox 406 2910 516 2973; x_wconf 90' lang='lat' dir='ltr'>succis.</span> <span class='ocrx_word' id='word_1_153' title='bbox 563 2909 654 2978; x_wconf 80' lang='lat' dir='ltr'>Quos</span> <span class='ocrx_word' id='word_1_154' title='bbox 671 2920 834 2991; x_wconf 87' lang='lat' dir='ltr'>postquam</span> <span class='ocrx_word' id='word_1_155' title='bbox 849 2908 999 2971; x_wconf 93' lang='lat' dir='ltr'>combibit</span> <span class='ocrx_word' id='word_1_156' title='bbox 1015 2908 1117 2973; x_wconf 86' lang='lat' dir='ltr'>AEson</span> 
     </span>
     <span class='ocr_line' id='line_1_26' title="bbox 173 3014 1008 3099; baseline -0.005 -18"><span class='ocrx_word' id='word_1_157' title='bbox 173 3018 238 3082; x_wconf 93' lang='lat' dir='ltr'>Aut</span> <span class='ocrx_word' id='word_1_158' title='bbox 253 3037 306 3079; x_wconf 92' lang='lat' dir='ltr'>ore</span> <span class='ocrx_word' id='word_1_159' title='bbox 321 3025 478 3099; x_wconf 86' lang='lat' dir='ltr'>acceptos,</span> <span class='ocrx_word' id='word_1_160' title='bbox 493 3024 550 3078; x_wconf 88' lang='lat' dir='ltr'>aut</span> <span class='ocrx_word' id='word_1_161' title='bbox 564 3014 691 3078; x_wconf 86' lang='lat' dir='ltr'>vulnere</span> <span class='ocrx_word' id='word_1_162' title='bbox 703 3038 710 3093; x_wconf 92' lang='lat'>;</span> <span class='ocrx_word' id='word_1_163' title='bbox 735 3014 832 3077; x_wconf 86' lang='lat' dir='ltr'>barba</span> <span class='ocrx_word' id='word_1_164' title='bbox 847 3035 1008 3096; x_wconf 74' lang='lat' dir='ltr'>comaeque</span> 
     </span>
    </p>

    <p class='ocr_par' dir='ltr' id='par_1_20' title="bbox 172 3121 860 3204">
     <span class='ocr_line' id='line_1_27' title="bbox 172 3121 860 3204; baseline -0.006 -17"><span class='ocrx_word' id='word_1_165' title='bbox 172 3123 297 3187; x_wconf 83' lang='lat' dir='ltr'>Canitie</span> <span class='ocrx_word' id='word_1_166' title='bbox 313 3121 414 3204; x_wconf 70' lang='lat' dir='ltr'>positis</span> <span class='ocrx_word' id='word_1_167' title='bbox 429 3121 550 3204; x_wconf 85' lang='lat' dir='ltr'>nigrum</span> <span class='ocrx_word' id='word_1_168' title='bbox 567 3122 697 3204; x_wconf 71' lang='lat' dir='ltr'>rapuere</span> <span class='ocrx_word' id='word_1_169' title='bbox 713 3121 860 3184; x_wconf 88' lang='lat' dir='ltr'>colorem.</span> 
     </span>
    </p>

    <p class='ocr_par' dir='ltr' id='par_1_21' title="bbox 172 3226 1193 3417">
     <span class='ocr_line' id='line_1_28' title="bbox 172 3226 1193 3310; baseline 0.001 -20"><span class='ocrx_word' id='word_1_170' title='bbox 172 3228 266 3297; x_wconf 86' lang='lat' dir='ltr'>Pulsa</span> <span class='ocrx_word' id='word_1_171' title='bbox 281 3227 359 3310; x_wconf 87' lang='lat' dir='ltr'>sugit</span> <span class='ocrx_word' id='word_1_172' title='bbox 374 3226 499 3304; x_wconf 86' lang='lat' dir='ltr'>macies,</span> <span class='ocrx_word' id='word_1_173' title='bbox 515 3226 632 3289; x_wconf 82' lang='lat' dir='ltr'>abeunt</span> <span class='ocrx_word' id='word_1_174' title='bbox 647 3226 806 3309; x_wconf 83' lang='lat' dir='ltr'>pallorque</span> <span class='ocrx_word' id='word_1_175' title='bbox 822 3226 970 3307; x_wconf 88' lang='lat' dir='ltr'>situsque,</span> <span class='ocrx_word' id='word_1_176' title='bbox 1134 3230 1193 3291; x_wconf 81' lang='grc'>140</span> 
     </span>
     <span class='ocr_line' id='line_1_29' title="bbox 172 3331 962 3417; baseline -0.008 -19"><span class='ocrx_word' id='word_1_177' title='bbox 172 3332 368 3417; x_wconf 84' lang='lat' dir='ltr'>Adjectoque</span> <span class='ocrx_word' id='word_1_178' title='bbox 384 3352 469 3394; x_wconf 82' lang='lat' dir='ltr'>cavae</span> <span class='ocrx_word' id='word_1_179' title='bbox 486 3331 671 3412; x_wconf 91' lang='lat' dir='ltr'>supplentur</span> <span class='ocrx_word' id='word_1_180' title='bbox 686 3332 837 3413; x_wconf 86' lang='lat' dir='ltr'>sanguine</span> <span class='ocrx_word' id='word_1_181' title='bbox 853 3352 962 3408; x_wconf 83' lang='lat' dir='ltr'>venae3</span> 
     </span>
    </p>

    <p class='ocr_par' dir='ltr' id='par_1_22' title="bbox 172 3434 996 3519">
     <span class='ocr_line' id='line_1_30' title="bbox 172 3434 996 3519; baseline -0.005 -17"><span class='ocrx_word' id='word_1_182' title='bbox 172 3435 377 3519; x_wconf 83' lang='lat' dir='ltr'>Membraque</span> <span class='ocrx_word' id='word_1_183' title='bbox 392 3435 559 3498; x_wconf 82' lang='lat' dir='ltr'>luxuriant.</span> <span class='ocrx_word' id='word_1_184' title='bbox 606 3434 704 3498; x_wconf 87' lang='lat' dir='ltr'>AEson</span> <span class='ocrx_word' id='word_1_185' title='bbox 720 3436 859 3513; x_wconf 85' lang='lat' dir='ltr'>miretur,</span> <span class='ocrx_word' id='word_1_186' title='bbox 875 3446 908 3498; x_wconf 92' lang='lat' dir='ltr'>et</span> <span class='ocrx_word' id='word_1_187' title='bbox 922 3436 996 3499; x_wconf 91' lang='lat' dir='ltr'>olim</span> 
     </span>
    </p>

    <p class='ocr_par' dir='ltr' id='par_1_23' title="bbox 173 3539 992 3625">
     <span class='ocr_line' id='line_1_31' title="bbox 173 3539 992 3625; baseline -0.004 -18"><span class='ocrx_word' id='word_1_188' title='bbox 173 3544 258 3607; x_wconf 89' lang='lat' dir='ltr'>Ante</span> <span class='ocrx_word' id='word_1_189' title='bbox 274 3552 383 3625; x_wconf 89' lang='lat' dir='ltr'>quater</span> <span class='ocrx_word' id='word_1_190' title='bbox 398 3542 497 3604; x_wconf 90' lang='lat' dir='ltr'>denos</span> <span class='ocrx_word' id='word_1_191' title='bbox 511 3539 596 3603; x_wconf 89' lang='lat' dir='ltr'>bunc</span> <span class='ocrx_word' id='word_1_192' title='bbox 611 3562 645 3603; x_wconf 90' lang='lat' dir='ltr'>se</span> <span class='ocrx_word' id='word_1_193' title='bbox 661 3541 867 3605; x_wconf 87' lang='lat' dir='ltr'>reminiscitur</span> <span class='ocrx_word' id='word_1_194' title='bbox 880 3560 992 3604; x_wconf 85' lang='lat' dir='ltr'>annos.</span> 
     </span>
    </p>
   </div>
   <div class='ocr_carea' id='block_1_3' title="bbox 0 0 1293 4209">
    <p class='ocr_par' dir='ltr' id='par_1_24' title="bbox 0 0 1293 4209">
     <span class='ocr_line' id='line_1_32' title="bbox 0 0 1293 4209; baseline 0 0"><span class='ocrx_word' id='word_1_195' title='bbox 0 0 1293 4209; x_wconf 95' lang='lat' dir='ltr'> </span> 
     </span>
    </p>
   </div>
  </div>
 </body>
</html>
