2567 4209
161 314 225 377 1¹10
503 305 623 356 ovm·s
646 306 840 357 HEROIDES.

202 476 361 563 Factaque
377 478 523 542 narrabas
537 476 763 542 dissimulanda
777 478 857 542 tibi?

160 583 288 648 Scilicet
301 583 454 648 immanes
468 582 550 646 elisis
565 583 708 647 saucibus
724 582 839 667 hydros

203 689 360 753 Infantem
376 689 466 753 cunis
481 688 649 753 involuisse
664 691 816 752 manum?

158 792 204 858 Ut
218 794 375 877 Tegeaeus
389 814 465 878 aper
480 793 685 876 cupressifero
700 792 895 876 Erymantho
1157 797 1200 859 55

204 898 346 977 Incubet,
362 909 396 963 et
410 909 498 963 vasto
513 897 652 981 pondere
667 897 763 961 loedat
778 897 933 963 humum?

160 1003 233 1068 Non
250 1004 306 1067 tibi
321 1004 476 1069 Threiciis
489 1004 584 1067 affixa
598 1002 764 1086 penatibus
779 1025 843 1082 ora,

204 1109 236 1172 N
237 1130 279 1172 on
294 1109 456 1173 homiuum
471 1110 603 1192 pingues
618 1108 708 1173 crede
723 1119 866 1173 tacentur
880 1111 1000 1192 equus?

159 1215 401 1298 Prodigiumque
417 1214 537 1296 triplex,
553 1214 686 1278 armenti
701 1214 788 1278 dives
804 1214 885 1277 Iberi

205 1321 387 1405 Geryones;
411 1319 553 1403 quamvis
567 1320 600 1383 in
616 1318 713 1383 tribus
728 1339 810 1382 unus
824 1321 913 1383 erat?
1153 1323 1196 1386 60

161 1426 260 1509 Inque
275 1447 370 1490 canes
384 1426 516 1489 totidem
531 1434 643 1488 trunco
658 1424 797 1507 digestus
811 1424 852 1488 ab
867 1445 933 1488 uno

204 1531 368 1608 Cerberus,
384 1529 541 1613 implicitis
555 1550 659 1612 angue
673 1530 813 1594 minante
828 1530 947 1595 comis?

160 1637 306 1718 Quaeque
322 1635 518 1699 redundabat
533 1635 670 1699 fecundo
685 1636 812 1700 vulnere
828 1657 958 1720 serpens

203 1740 334 1818 Fertilis,
350 1750 383 1803 et
398 1739 521 1805 daronis
535 1741 623 1805 dives
637 1741 678 1805 ab
693 1742 761 1824 ipsa
775 1742 861 1805 suis?

160 1845 289 1929 Quique
305 1846 386 1910 inter
400 1844 576 1929 laevumque
590 1846 681 1925 latus,
698 1845 873 1929 laevumque
888 1845 1056 1926 lacertum,
1149 1851 1191 1913 65

204 1952 378 2036 Praegrave,
393 1952 572 2036 compressi
586 1951 688 2030 fauce,
704 1952 857 2036 pependit
871 1954 974 2017 onus?

160 2059 203 2122 Et
217 2056 298 2121 male
314 2058 467 2121 conlisum
482 2057 614 2140 pedibus
629 2056 790 2140 formaque
806 2056 980 2134 bimembri,

204 2164 333 2227 Pulsum
348 2163 536 2227 Thessalicis
550 2183 665 2246 agmen
680 2171 823 2245 equestre
835 2162 939 2248 jugis?

159 2268 243 2333 Haec
257 2279 292 2332 tu
308 2268 441 2332 Sidonio
456 2278 545 2351 potes
560 2267 724 2351 insignitus
739 2267 856 2333 amictu

204 2373 339 2438 Dicere?
363 2394 427 2437 non
442 2371 530 2437 cultu
544 2371 651 2456 lingua
666 2384 787 2437 retenta
802 2373 891 2437 silet?

161 2482 205 2545 Se
220 2479 344 2563 qubque
360 2478 500 2562 nympha
513 2478 574 2542 tuis
589 2478 712 2542 ornavit
726 2479 867 2543 Iardanis
880 2478 985 2559 armis,

204 2586 246 2649 Et
260 2584 330 2649 tulit
345 2606 364 2649 e
379 2594 473 2668 capto
488 2595 563 2649 nota
578 2594 697 2668 tropaee
712 2584 787 2648 viro.

160 2692 175 2755 1
190 2714 286 2770 nunc,
302 2690 375 2755 tolle
390 2692 520 2769 animos,
536 2700 569 2754 et
583 2690 675 2754 sortia
688 2699 778 2773 gesta
792 2709 938 2755 recense:

203 2797 301 2865 Quod
318 2807 352 2859 tu
367 2817 430 2860 non
445 2817 530 2859 esses
540 2796 620 2880 jure,
636 2796 683 2860 vir
697 2795 749 2859 illa
764 2795 835 2859 luit.

159 2902 206 2965 llli
221 2901 363 2984 procedit
377 2922 480 2964 rerum
496 2922 643 2965 mensura
657 2910 790 2965 tuarum.

203 3006 291 3071 Cede
305 3006 413 3071 bonis:
439 3007 529 3071 heres
544 3006 645 3072 laudis
659 3006 762 3071 amica
776 3016 851 3070 tuae.

159 3115 219 3180 Pro
235 3113 353 3199 pudor!
378 3114 487 3179 hirsuti
503 3123 605 3179 costas
619 3124 714 3177 exuta
729 3111 838 3190 leonis,

204 3220 325 3304 Aspera
347 3229 492 3286 texerunt
507 3218 621 3283 vellera
634 3218 729 3281 molle
744 3217 836 3283 latus.

159 3324 295 3405 Falleris,
311 3335 345 3388 et
360 3325 479 3389 nescis:
503 3345 568 3387 non
584 3332 657 3386 sunt
672 3322 770 3406 spolia
785 3323 843 3387 ista
858 3321 969 3401 leonis,

204 3431 271 3494 Sed
286 3441 358 3491 tua:
383 3438 480 3509 tuque
496 3428 552 3492 feri
567 3429 666 3492 victor
680 3449 734 3505 es3
758 3427 810 3492 illa
825 3428 878 3493 tui.

158 3532 290 3597 Femina
304 3531 367 3595 tela
381 3530 453 3593 tulit
467 3531 607 3594 Lernaeis
621 3541 690 3595 atra
705 3533 845 3610 veneniS,

203 3635 296 3697 Ferre
310 3654 438 3716 gravem
452 3633 525 3696 land
539 3634 590 3696 vix
606 3634 680 3697 satis
694 3645 768 3717 apta
782 3636 903 3700 colum:

160 3737 368 3817 Instmxitque
383 3756 512 3799 manum
527 3736 616 3799 clavis
630 3738 793 3803 domitrice
809 3738 962 3805 ferarum:
