2567 4209
561 270 657 321 BOOK
680 272 740 321 vll.

131 437 278 502 Muneris
293 447 452 502 auctorem
469 460 586 518 secum,
602 440 700 523 spolia
715 440 822 519 altera,
839 453 975 525 portans,

132 544 245 608 Victor
260 544 410 608 Iolciacos
426 544 528 627 tetigit
543 567 615 607 cum
630 546 764 630 conjuge
781 558 898 629 portus·

400 813 488 853 AESON
511 814 682 854 Rusuonnn
705 814 747 855 ΤΟ
769 814 888 856 YOUTH.

180 964 358 1028 Haemouiae
374 978 487 1030 matres
502 988 559 1049 pro
573 968 675 1049 gnatis
691 969 775 1031 dona
790 969 923 1051 receptis

134 1070 367 1153 Grandaevique
383 1072 486 1134 serunt
501 1082 613 1154 patres,
629 1083 839 1155 congestaque
855 1074 981 1138 flamma

134 1176 246 1238 Thura
262 1175 435 1258 liquefiunt,
450 1177 641 1259 inductaque
657 1178 803 1241 cornibus
817 1200 928 1241 aurum
1114 1185 1157 1246 90

136 1281 273 1344 Victima
289 1291 361 1343 vota
376 1280 470 1344 cadit.
518 1282 584 1345 Sed
598 1282 687 1344 abest
702 1284 895 1364 gratantibus
912 1282 1020 1363 AEson,

137 1383 208 1447 Jam
225 1385 348 1467 propior
364 1385 438 1461 leto,
455 1386 613 1467 fessusque
629 1386 777 1449 senilibus
793 1388 892 1450 anuis.

137 1488 217 1552 Ciam
234 1490 278 1553 sie
293 1489 478 1554 AEsonides:
504 1492 550 1553 ‘O
566 1492 617 1554 cui
632 1493 747 1555 debere
763 1491 894 1555 salutern

137 1594 307 1671 Confiteor,
323 1596 446 1679 conjux,
463 1618 640 1678 quanquam
657 1597 732 1659 mihi
747 1608 862 1661 cuncta
877 1598 1001 1677 dedisti,

138 1697 340 1782 Excessitque
357 1700 450 1762 fidem
466 1701 646 1763 meritorum
662 1722 783 1765 summa
800 1713 932 1781 tuorum,
1113 1707 1156 1768 95

139 1805 174 1867 Si
190 1815 294 1867 tamen
310 1804 370 1867 hoc
386 1816 515 1886 possunt
524 1828 533 1881 3
557 1806 632 1887 quid
648 1806 733 1869 enim
748 1828 812 1869 non
828 1807 966 1870 carmina
981 1808 1122 1889 possint?

140 1907 238 1972 Deme
253 1910 330 1972 meis
345 1910 447 1985 annis,
463 1920 496 1972 et
510 1910 655 1991 demptos
670 1910 752 1973 adde
769 1911 910 1991 parenti.’

140 2014 210 2078 Nec
225 2016 324 2078 tenuit
339 2015 500 2097 lacrymas.
547 2014 637 2077 Mota
652 2026 700 2077 est
715 2013 829 2096 pietate
845 2015 991 2096 rogantis,

138 2119 386 2202 Dissimilemque
402 2121 542 2183 animum
557 2119 651 2182 subiit
668 2118 759 2182 AEeta
775 2120 909 2182 relictus.

138 2226 213 2289 Non
229 2237 332 2289 tamon
348 2224 478 2289 affectus
493 2224 570 2287 tales
585 2225 738 2302 consessa,
756 2225 894 2303 ‘Quom'
911 2225 1021 2308 inquit,
1094 2230 1157 2293 100

139 2331 284 2395 ‘Excidit
298 2352 351 2393 ore
367 2331 428 2412 pio,
445 2331 569 2415 conjux,
585 2329 707 2419 scelus?
731 2352 806 2413 ergo
821 2351 881 2413 ego
896 2330 1041 2413 cuiquam

138 2438 233 2500 Posse
248 2447 311 2498 tuae
328 2435 433 2499 videar
448 2436 583 2517 spatium
599 2435 802 2499 transcribere
818 2436 912 2499 vitae?

139 2543 169 2606 N
173 2564 210 2605 ec
226 2542 306 2604 sinat
323 2541 383 2603 hoc
399 2540 532 2617 Hecate,
549 2562 608 2602 nec
624 2550 658 2601 tu
674 2540 753 2621 petis
769 2561 876 2621 aequa:
903 2542 957 2604 sed
974 2540 1044 2619 isto,

138 2648 237 2717 Quod
253 2646 342 2729 petis,
359 2645 500 2727 experiar
514 2646 614 2729 majus
629 2646 704 2707 dare
721 2666 844 2722 munna,
860 2645 964 2709 I'ason.

138 2753 214 2815 Arte
231 2753 302 2815 meri
316 2752 415 2815 soceri
430 2750 559 2834 longum
574 2750 762 2813 tentabimus
779 2772 891 2829 aevum,
1094 2756 1156 2817 105

138 2859 212 2921 Nou
227 2858 318 2921 annis
333 2878 477 2920 revocare
494 2856 564 2919 tuis.
610 2856 709 2919 Modo
726 2856 797 2919 diva
812 2856 957 2919 triformis

138 2964 286 3048 Adjuvet‚
302 2973 335 3026 et
350 2984 486 3045 praesens
501 2962 680 3044 ingentibus
695 2963 815 3025 adnuat
830 2961 932 3024 ausis!

183 3067 307 3131 AEsonis
322 3067 462 3130 effoetum
478 3066 606 3149 proferri
621 3087 733 3147 corpus
749 3068 789 3129 ad
805 3087 873 3129 aras

137 3174 244 3251 lussit,
260 3174 339 3236 etin
355 3173 464 3255 plenos
479 3172 648 3235 resolutum
666 3171 802 3233 carmine
819 3192 954 3248 somnos,

137 3280 282 3343 Exanimi
297 3278 438 3354 similem,
455 3278 555 3340 stratis
571 3275 707 3359 porrexit
721 3275 753 3338 in
772 3274 882 3341 herbis.
1095 3282 1157 3342 110

137 3386 223 3449 Hinc
239 3383 347 3467 procul
363 3382 546 3459 AEsouiden,
563 3381 671 3463 procul
687 3382 760 3444 hinc
772 3382 862 3466 jubet
877 3382 920 3445 ire
936 3382 1100 3461 ministros,

138 3492 178 3553 Et
193 3501 301 3553 monet
315 3488 436 3551 arcanis
451 3488 559 3550 oculos
574 3507 733 3550 removere
750 3486 905 3567 profanos.

136 3593 312 3678 Diffugiunt
324 3593 410 3678 jussi.
458 3593 580 3675 Sparsis
596 3592 713 3654 Medea
729 3590 848 3671 capillis

404 3699 454 3761 gs
