2567 4209
149 273 212 341 102
420 268 540 317 ovlo’s
563 266 895 319 MBTAMOBPHOSES.
986 327 993 340 .

147 438 229 503 Vota
243 435 324 515 lovi,
339 438 410 503 clun
427 437 525 503 Fama
539 438 652 521 loquax
669 438 827 521 praecessit
840 438 883 501 ad
898 458 1005 516 aures,

145 542 305 622 Deianira,
321 554 401 621 tuas,
419 543 505 631 (quas
521 543 600 607 veris
614 544 732 609 addere
748 542 825 607 falm

146 648 282 726 Gaudet,
298 660 331 713 et
345 670 363 712 e
379 649 509 715 minima
522 671 580 715 sua
594 670 650 731 per
665 648 829 713 mendacia
844 646 972 735 crescit)

148 753 450 838 Amphitryoniaden
465 753 546 819 Ioles
559 754 671 819 ardore
687 753 795 817 teneri.

147 851 254 922 Credit
268 881 387 938 amans,
403 860 595 947 Venerisque
610 880 699 923 novae
716 860 877 942 perterrita
891 858 979 925 fama

146 964 280 1028 Indulsit
294 965 393 1047 primo
408 964 561 1048 lacrymis,
576 965 744 1046 flendoque
760 963 900 1029 dolorem

147 1069 281 1133 Diffudit
295 1070 470 1136 miseranda
484 1092 594 1137 suum:
618 1091 692 1135 mox
707 1070 833 1147 deinde,
849 1068 959 1138 ‘Quid
975 1080 1088 1133 autem
1139 1076 1177 1136 10
1243 1079 1244 1123 t

146 1174 316 1240 aremus?
340 1176 393 1254 aa,
410 1175 530 1259 ‘peter
546 1175 688 1259 ueymts
703 1174 859 1239 nubitur
875 1174 950 1252 sn,

148 1281 232 1350 Quae
248 1282 395 1364 quoniam
417 1282 577 1358 adventat,
593 1280 835 1363 properandum,
850 1280 1032 1363 aliquidque
1057 1302 1178 1345 novan-
1246 1311 1247 1345 r

325 1388 401 1451 dum
416 1397 474 1451 est
1247 1387 1248 1421 ¹

147 1490 337 1572 Conquerar,
353 1513 394 1555 an
409 1490 539 1559 sileam?
562 1500 702 1573 repetam
715 1490 889 1574 Calydona,
905 1493 1075 1555 moremei

147 1595 307 1659 Excedam
323 1596 434 1661 tectis?
457 1619 510 1674 an,
526 1597 552 1661 si
567 1596 645 1661 nibil
659 1595 803 1678 amplius,
819 1595 940 1659 obstem
950 1595 983 1659 l’

191 1700 337 1763 Incursus
350 1701 474 1767 animus
489 1702 588 1767 varios
603 1702 708 1767 babet.
754 1701 910 1765 Omnibus
926 1700 970 1765 illi
1138 1706 1177 1768 15

148 1805 288 1870 Praetulit
302 1805 453 1873 imbutam
469 1807 592 1872 Nesseo
606 1807 758 1890 sanguine
774 1818 892 1870 vestem

148 1910 285 1991 Mittere,
301 1935 372 1996 quoe
388 1914 468 1978 vires
482 1912 608 1977 defecto
623 1913 735 1977 reddat
748 1912 856 1977 anon.

148 2016 323 2101 Ignaroque
338 2018 457 2096 Lichas,
473 2019 547 2102 quid
565 2020 667 2083 tradat
682 2018 798 2095 nescia,
813 2016 916 2081 luctus

148 2122 220 2205 Ipsa
235 2146 308 2187 suos
323 2125 425 2202 tradit,
442 2123 624 2213 blandisque
640 2122 811 2187 miserrima
826 2122 926 2186 verbis

148 2226 242 2291 Dona
256 2229 311 2291 det
325 2228 378 2291 illa
393 2229 467 2306 viro,
483 2231 622 2293 mandat.
669 2228 761 2310 Capit
776 2227 891 2291 inscius
906 2226 1008 2305 heros,
1133 2232 1177 2295 20

148 2332 354 2414 induiturque
369 2332 505 2397 humeris
520 2334 662 2397 hmanas
678 2333 760 2397 virus
776 2333 940 2397 Echidnae.

193 2436 302 2501 Thura
317 2437 411 2501 dabat
426 2439 541 2521 primis,
557 2450 589 2501 et
605 2439 699 2503 verba
714 2438 883 2521 precantia,
899 2436 1043 2515 flammis,

149 2542 293 2626 Vinaque
307 2565 495 2608 marmoreas
511 2545 620 2627 patera
635 2544 787 2607 fundebat
801 2543 834 2607 in
849 2564 934 2607 aras:

148 2646 283 2713 incaluit
298 2649 344 2712 vis
359 2649 410 2713 illa
426 2650 508 2727 mali,
525 2649 721 2731 resolutaque
736 2648 868 2712 flammis

148 2753 321 2817 Herculeos
336 2755 422 2830 abiit,
438 2755 499 2818 late
516 2755 639 2832 diffusa,
656 2766 820 2837 perustus,

148 2857 233 2920 Dum
249 2859 359 2940 potuit,
376 2859 466 2921 solita
480 2860 631 2941 gemitum
647 2860 760 2923 virtute
776 2860 931 2942 repressit.

152 2963 242 3029 Victa
256 2963 345 3027 rnalis
361 2975 524 3047 postquam
540 2965 703 3047 patientia,
719 2965 830 3048 repulit
845 2985 923 3043 aras,

148 3069 354 3153 Implevitque
371 3070 433 3133 suis
449 3091 647 3135 nemorosum
663 3071 791 3134 vocibus
806 3070 916 3133 OEten.

149 3175 220 3239 Nec
235 3197 340 3254 mora;
364 3176 515 3240 letiferam
530 3186 661 3241 conatur
676 3176 817 3241 scindere
833 3186 969 3239 vestem:

150 3279 226 3348 Qua
241 3279 380 3357 trahitur,
397 3281 489 3343 trahit
504 3280 556 3344 illa
570 3290 696 3358 cutem;
720 3282 902 3363 soedumque
918 3279 1027 3357 relatu,
1088 3314 1092 3325 ·
1131 3284 1175 3346 30

150 3383 216 3446 Aut
232 3385 329 3446 haeret
343 3384 489 3446 membris
504 3386 616 3448 frustra
632 3396 752 3451 tentata
766 3385 880 3463 revelli,

149 3488 216 3551 Aut
230 3488 348 3551 laceros
361 3499 456 3565 artus,
471 3500 505 3551 et
519 3491 650 3570 mandis
665 3492 783 3575 detegit
799 3513 876 3555 ossa.

149 3596 221 3677 Ipse
237 3613 336 3671 cruor,
352 3593 456 3676 gelido
471 3615 531 3657 ceu
545 3596 706 3675 quondam
723 3596 837 3660 lamina
853 3597 992 3660 candens

148 3700 264 3761 Tincta
278 3696 358 3773 lacu,
374 3697 482 3774 stridit,
498 3698 703 3779 coquiturque
718 3700 848 3763 ardente
864 3720 997 3763 veneno.
