2567 4209
173 322 217 385 66
447 317 566 367 OVID'S
588 315 917 367 Muunmourflosus.

173 486 356 551 Fraxineam
373 487 516 569 quatiens
530 496 634 549 aeratae
650 486 789 567 cuspidis
804 485 936 561 hastam,

175 591 265 669 ‘En,’
282 592 335 669 ait,
353 601 413 655 ‘en
429 593 540 656 adsum
556 602 718 673 praereptae
734 591 876 675 conjugis
890 589 981 652 ultor.
1166 594 1201 653 lo

176 697 206 759 N
208 718 245 761 ec
259 696 336 760 mihi
351 706 382 760 te
398 718 521 779 pennae,
538 717 598 759 nec
613 696 725 759 falsum
740 716 849 758 versus
862 694 896 757 in
910 715 1023 756 aumm

174 799 305 883 Jupiter,
321 801 473 884 eripient.’
519 799 655 864 Conanti
670 800 794 863 mittere
809 798 969 881 Cepheus,

175 906 283 975 ‘Quid
300 907 376 970 lacis
386 907 418 970 l'
443 906 614 971 exclamat:
641 915 731 987 ‘quae
747 916 789 983 te,
805 924 963 988 germane,
979 904 1149 967 furentem

175 1010 268 1073 Mens
283 1011 348 1094 agit
363 1011 394 1075 in
411 1012 552 1076 lacinus?
598 1011 760 1075 Meritisne
777 1012 847 1075 haec
860 1012 960 1094 gratia
974 1010 1076 1074 tantis

175 1115 352 1180 Redditur?
376 1116 434 1181 hac
449 1117 545 1180 vitam
561 1118 781 1181 seruuoedooe
796 1118 963 1199 rependis?
1167 1117 1203 1178 15

175 1219 282 1288 Quam
299 1221 352 1284 tibi
369 1242 432 1285 non
450 1221 589 1299 Perseus,
605 1243 713 1285 verum
729 1222 755 1286 si
770 1222 893 1305 quaeris,
909 1221 1041 1297 ademit,

176 1324 241 1388 Sed
256 1346 349 1409 grave
366 1326 539 1391 Nereidum
556 1348 684 1404 numen,
700 1328 755 1391 sed
772 1328 915 1409 corniger
929 1326 1086 1402 Ammon,

176 1430 242 1493 Sed
257 1452 327 1512 quae
344 1430 511 1495 visceribus
526 1433 671 1496 veniebat
685 1431 789 1495 bellua
804 1443 903 1514 ponto

176 1537 391 1601 Exsaturanda
406 1539 494 1602 meis.
541 1540 598 1604 Illo
614 1540 669 1603 tibi
685 1549 824 1622 tempore
840 1550 930 1622 rapta
944 1549 1003 1617 est,

177 1642 252 1711 Quo
269 1644 402 1725 peritura
418 1644 486 1707 fuit.
533 1646 602 1710 Nisi
618 1648 654 1725 si,
670 1646 814 1723 crudelis,
830 1646 863 1709 id
879 1646 981 1728 ipsum
1163 1649 1204 1709 20

176 1747 291 1830 Exigis,
309 1759 344 1811 ut
358 1760 482 1830 pereat;
507 1749 655 1833 luctuque
671 1751 814 1814 levabere
830 1761 946 1813 nostro.

177 1853 304 1918 Scilicet
319 1856 403 1919 haud
419 1855 491 1919 satis
507 1868 564 1935 est,
580 1857 676 1939 quod,
693 1869 723 1919 te
739 1864 910 1939 spectante,
927 1853 1071 1918 revincta
1085 1864 1151 1933 est,

175 1960 217 2023 Et
232 1960 348 2025 nullam
364 1962 448 2044 quod
464 1984 556 2045 opem
573 1972 701 2045 patruus
716 1981 887 2044 sponsusve
903 1958 1021 2023 tulisti?

174 2064 315 2148 insuper,
330 2088 349 2131 a
364 2089 521 2150 quoquam
536 2067 620 2150 quod
636 2067 676 2129 sit
690 2077 821 2143 servata,
838 2065 968 2142 dolebis,

175 2169 366 2253 Praemiaque
383 2172 518 2254 eripies?
542 2192 612 2253 quae
628 2172 654 2234 si
670 2170 725 2234 tibi
740 2193 855 2253 magna
870 2170 1024 2247 videntur,
1161 2174 1204 2233 25

175 2273 223 2335 Ex
238 2273 297 2336 illis
313 2275 456 2357 scopulis,
473 2276 526 2339 ubi
541 2286 629 2339 erant
645 2276 747 2352 affixa,
764 2275 915 2357 petisses:

175 2378 270 2441 Nunc
286 2379 362 2455 sine,
378 2380 431 2461 qui
447 2380 544 2462 petiit,
561 2400 726 2463 perquem
741 2380 811 2444 haec
827 2402 890 2443 non
906 2379 981 2443 orba
996 2390 1162 2457 senectus,

175 2482 278 2560 Ferre,
295 2485 378 2566 quod
395 2494 427 2547 et
441 2485 559 2549 meritis
574 2495 606 2548 et
622 2506 698 2549 voce
714 2496 762 2547 est
777 2495 904 2567 pactus:
929 2504 1065 2566 eumque

176 2588 249 2652 Non
266 2588 330 2667 tibi,
347 2591 402 2653 sed
418 2600 512 2654 certae
528 2589 691 2672 praelatum
706 2590 843 2672 intellige
859 2589 971 2652 morti!
1014 2653 1016 2658 ,

175 2694 230 2757 Ille
247 2694 322 2758 nihil
338 2697 463 2760 contra:
488 2696 544 2759 aed
557 2705 589 2759 et
604 2696 689 2758 hune
703 2704 736 2758 et
751 2695 865 2758 Persea
880 2694 968 2757 vultu
1159 2698 1202 2758 30

175 2798 306 2862 Alterno
321 2810 475 2880 spectans,
492 2810 579 2881 petat
594 2800 689 2877 hunc,
705 2800 837 2881 ignorat,
854 2821 895 2862 an
910 2798 1010 2861 illum.

174 2901 408 2983 cunctatusque
424 2902 520 2980 brevi,
537 2915 712 2967 contortam
727 2904 842 2968 viribus
858 2904 989 2979 hastam,

175 3007 321 3076 Quantas
336 3006 381 3074 ira
396 3008 500 3085 dabat,
516 3008 724 3091 nequicquam
739 3010 772 3071 in
788 3009 902 3072 Persea
917 3008 1010 3071 misit.

175 3112 220 3177 Ut
236 3113 320 3176 stetit
332 3088 386 3176 illa
401 3124 479 3191 toro,
495 3113 596 3177 stratis
612 3123 679 3177 tum
695 3114 832 3196 denique
847 3113 979 3177 Perseus

176 3216 318 3294 Exsiluit,
335 3219 458 3301 teloque
474 3219 560 3282 ferox
576 3219 702 3281 inimica
717 3218 845 3281 remisso
1157 3223 1201 3283 35

175 3321 306 3385 Pectora
322 3324 463 3403 rupisset,
481 3323 538 3384 nisi
555 3332 626 3403 post
640 3321 748 3385 altaria
763 3322 900 3385 Phineus

176 3427 271 3490 Isset:
297 3436 329 3489 et
347 3423 556 3512 (indignuml)
574 3424 725 3487 scelerato
739 3426 855 3510 proluit
870 3448 933 3490 ara.

175 3532 291 3595 Fronte
308 3541 412 3594 tamen
427 3529 535 3593 Rhoeti
550 3550 613 3591 non
629 3528 714 3591 irrita
729 3532 833 3613 cuspis
848 3531 990 3595 adhaesit.

176 3636 243 3707 Qui
259 3646 421 3717 postquam
438 3634 562 3709 cecidit,
579 3633 756 3713 ferrumque
772 3656 811 3696 ex
827 3657 896 3698 osse
911 3633 1067 3697 revulsum
1083 3648 1146 3715 est,

176 3738 319 3818 Palpitat,
336 3747 368 3798 et
383 3736 497 3817 positas
513 3736 671 3816 adspergit
686 3738 838 3816 sanguine
853 3758 987 3799 mensas.
1155 3744 1200 3806 40
