2567 4209
253 306 405 355 EPISTLE
427 305 474 354 OF
495 303 678 354 nutamus
700 302 748 351 TO
769 302 970 357 HERCULES.
1063 309 1126 370 169

141 474 288 539 Cedunt:
312 474 477 540 dissimiles
493 475 545 539 hic
559 475 654 539 viret
668 474 719 540 ille
735 496 823 558 puer.
1081 477 1125 539 20

92 582 207 651 Quem
223 603 288 645 non
302 581 387 645 mille
403 581 488 658 lerze,
504 601 599 664 quem
614 602 679 645 non
696 580 899 646 Stheneleius
914 578 1022 657 hostis,

142 686 218 750 Non
233 687 337 769 potuit
350 684 435 750 Juno
450 686 585 764 vincere,
601 687 700 750 vincit
715 686 824 751 Amor.

91 792 290 873 Maeandros,
306 795 399 859 toties
413 796 467 877 qui
482 795 570 858 terris
584 805 668 859 errat
682 795 715 858 in
730 794 841 873 isdem,

143 900 210 970 Qui
226 899 321 964 lassas
337 900 369 965 in
384 922 419 963 se
434 922 519 984 saepe
534 910 693 983 retorquet
707 922 815 983 aquas,

92 1006 186 1070 Vidit
201 1006 232 1069 in
249 1005 409 1070 Herculeo
424 1027 575 1090 suspensa
590 1006 718 1069 monilia
733 1005 824 1084 collo,

141 1111 211 1189 Illo,
227 1111 278 1175 cui
293 1111 409 1175 coelum
424 1112 546 1175 sarcina
560 1132 656 1193 parva
671 1111 739 1175 suit.

94 1215 130 1279 N
131 1238 173 1279 on
189 1216 303 1298 puduit
318 1216 414 1280 fortes
429 1238 506 1279 auro
521 1216 669 1280 cohibere
684 1216 826 1295 lacertos,

142 1321 185 1384 Et
199 1321 306 1385 solidis
320 1342 461 1405 gemmas
475 1322 657 1405 apposuisse
674 1322 757 1386 toris.
974 1394 977 1403 Ι

94 1426 224 1510 Nempe
240 1426 298 1490 sub
314 1427 362 1490 his
376 1427 514 1491 animam
529 1427 625 1510 pestis
641 1426 794 1491 Nemeaea
809 1426 932 1492 lacertis

142 1531 269 1611 Edidit;
292 1533 378 1597 unde
394 1533 542 1597 humerus
556 1533 695 1616 tegmina
711 1533 808 1598 laevus
823 1532 929 1597 habet.

96 1638 203 1701 Ausus
218 1660 252 1702 es
268 1638 401 1703 hirsutos
411 1639 507 1703 ‘mitri
522 1639 665 1703 redimire
681 1638 819 1723 capillos.

142 1742 256 1828 Aptior
270 1743 436 1808 Herculea
452 1744 587 1827 populus
601 1744 673 1808 elba
688 1765 799 1809 comae.

99 1848 216 1916 Necte
231 1848 381 1927 Maeonis,
397 1849 520 1913 lascivae
536 1870 623 1913 more
639 1848 763 1932 puellae,

142 1954 264 2039 Incingi
279 1956 360 2019 zonh
374 1955 560 2018 dedecuisse
576 1957 690 2037 putas?

99 2059 174 2126 Non
189 2060 245 2123 tibi
261 2060 413 2124 succurrit
428 2060 516 2124 crudi
532 2059 695 2123 Diomedis
710 2060 824 2142 imago,

141 2164 265 2230 Efferus
280 2165 418 2229 humanat
432 2166 486 2247 qui
502 2166 585 2248 dape
601 2166 686 2248 pavit
700 2167 820 2248 equas?

97 2270 133 2334 Si
148 2280 180 2334 te
195 2271 323 2335 vidisset
337 2271 424 2333 cultu
440 2271 557 2335 Busiris
572 2272 605 2333 in
621 2270 690 2350 isto,

141 2374 228 2440 Huic
242 2375 341 2440 victor
355 2377 439 2441 victo
453 2397 568 2460 nempe
583 2378 752 2460 pudendus
766 2398 845 2441 eras.

96 2482 249 2546 Detrahat
266 2483 397 2545 snmus
412 2482 492 2545 duro
506 2482 690 2569 redimicula
706 2482 797 2562 collo,

141 2586 193 2651 Ne
210 2587 316 2671 pigeat
330 2586 415 2650 molli
430 2588 631 2651 succubuisse
647 2587 723 2651 viro.
803 2660 805 2663 ¹

96 2693 184 2757 Inter
198 2692 341 2757 Ioniacas
356 2692 515 2756 calathum
531 2692 668 2755 tenuisse
684 2691 803 2775 puellas

140 2797 272 2877 Diceris,
288 2808 321 2863 et
335 2798 472 2862 dominae
488 2798 683 2881 pertimuisse
699 2798 810 2862 minas.

96 2902 172 2967 Non
188 2901 282 2986 fugis,
298 2903 420 2981 Alcide,
436 2904 595 2967 victricem
611 2904 696 2967 mille
712 2903 852 2969 laborum

141 3008 299 3071 Rasilibus
313 3008 443 3072 calathis
458 3009 641 3090 imposuisse
657 3011 808 3073 manum?

96 3111 269 3195 Crassaque
285 3112 412 3176 robusto
427 3111 557 3176 deducis
572 3112 685 3193 pollice
700 3113 763 3190 lile,

142 3216 307 3300 AEquaque
322 3217 466 3280 lormosae
482 3238 581 3300 pensa
595 3217 741 3300 rependis
758 3216 864 3281 herae?

95 3321 167 3387 Ah!
191 3322 322 3405 quoties,
338 3323 443 3405 digitis
457 3324 534 3387 dum
550 3332 675 3405 torques
691 3322 824 3387 stamina
839 3323 935 3402 duris,

140 3427 321 3492 Praevulidae
338 3428 424 3492 lusos
438 3429 651 3496 comminuere
667 3429 797 3492 manus!

95 3533 252 3613 Crederis,
268 3533 386 3612 infelix,
402 3534 529 3598 scuticas
546 3533 747 3597 tremefactus
761 3532 902 3612 habenis,

140 3638 226 3702 Ante
241 3639 339 3722 pedes
354 3638 491 3701 dominas
507 3636 709 3721 procubuisse
725 3648 800 3700 tuae.

96 3743 235 3808 Eximius
250 3763 391 3828 pompas,
407 3742 567 3824 praeconia
581 3762 704 3805 summa
718 3738 878 3822 triumphi,

368 3850 409 3909 15
