2567 4209
137 307 201 371 164
413 299 533 351 ovrn’s
553 300 885 351 nsunnonruosns.

133 470 216 535 Cum
230 468 357 535 lunone
371 472 481 555 magis.
528 470 618 541 Quid
633 491 720 535 nunc
734 472 864 554 antiqua
878 470 1032 535 recordor

133 574 259 641 Damna
273 577 335 641 mei
348 577 493 660 generis?
517 577 609 641 timor
623 576 676 641 hie
690 577 869 641 meminisse
884 576 1026 660 priorum

134 681 209 745 Non
224 682 306 746 sinit.
352 682 390 745 ln
404 703 456 745 me
472 682 543 747 aeui
557 681 725 747 sceleratos
740 682 866 745 cernitis
881 702 996 760 enses3

134 784 227 855 Quos
241 787 415 869 probibate,
431 808 551 870 precor,
568 787 753 869 facinusque
769 786 929 869 repellite;
953 806 1038 850 neve
1104 790 1174 853 230

133 890 231 955 Crede
246 892 775 975 sacerdotisllammusexstinguits
791 892 919 956 Vestra!

178 996 270 1061 Talia
283 998 491 1081 nequicquam
506 1008 573 1061 toto
588 997 697 1062 Venus
712 998 805 1061 anxia
820 997 903 1061 coelo
1280 1030 1281 1043 κ

133 1101 239 1166 Verba
249 1104 337 1188 jacit,
353 1124 542 1187 superosque
556 1114 673 1167 movet.
720 1103 786 1173 (tui
802 1124 946 1185 rumpere
962 1124 1165 1187 quamquam

134 1206 247 1272 Ferrea
262 1230 325 1272 non
341 1219 472 1293 possunt
486 1219 626 1272 veterum
641 1209 770 1272 decreta
784 1228 934 1287 sororum,

135 1312 234 1395 Signa
248 1324 353 1379 tamen
369 1314 469 1379 luctirs
484 1314 563 1403 dant
577 1314 663 1377 haud
678 1314 797 1379 incerta
812 1314 918 1377 futuri.
1101 1317 1173 1380 235

178 1417 276 1481 Arma
289 1419 394 1483 t‘erunt
409 1420 512 1503 nigras
526 1420 606 1485 inter
621 1420 806 1502 crepitantia
820 1419 929 1499 nubes,

134 1520 364 1605 Terribilesque
379 1524 479 1601 tubas,
494 1525 663 1606 auditaque
679 1544 796 1587 cornua
811 1522 892 1587 coelo

101 1686 104 1692 ,
135 1624 361 1689 Proemonuisse
376 1628 474 1691 nefas.
520 1629 630 1693 Pboebi
647 1629 771 1713 queque
787 1629 880 1692 tristis
894 1629 1002 1712 imago

135 1729 254 1793 Lurida
268 1729 403 1793 sollicitis
418 1734 577 1815 praebebat
591 1734 709 1798 lumina
725 1734 822 1797 terris.

133 1836 231 1919 -Saepe
248 1834 331 1898 laces
346 1835 420 1897 visae
434 1840 545 1904 mediis
559 1841 668 1903 ardere
684 1839 742 1903 sub
756 1840 863 1904 astris:
1102 1844 1172 1905 24⁰

137 1942 232 2024 Saepe
247 1941 327 2004 inter
342 1940 463 2003 nimbos
476 1955 573 2024 gutta
589 1946 732 2010 cecidere
748 1955 898 2010 cruentas.

136 2046 278 2111 cantus
293 2056 326 2109 et
340 2045 459 2109 vultum
476 2046 628 2131 ferrugine
643 2051 771 2115 Lucifer
785 2068 853 2115 atra

138 2153 272 2235 Sparsus
287 2162 363 2230 erat,
379 2150 476 2233 sparsi
494 2151 630 2215 Lunares
645 2156 795 2240 sanguine
811 2179 930 2223 currus.

138 2257 253 2321 Tristia
267 2255 350 2320 mille
365 2256 441 2319 locis
458 2256 585 2338 Stygius
600 2257 689 2321 dedit
702 2262 806 2327 emina
820 2263 920 2328 bubo:
1279 2256 1280 2348 l

138 2360 226 2425 Mille
242 2360 318 2425 locis
333 2359 514 2444 lacrymavit
528 2360 622 2423 ebur:
647 2372 816 2445 cantusque
832 2368 973 2433 seruntur
1097 2373 1166 2435 245
1278 2446 1279 2455 χ

139 2467 258 2545 Auditi,
275 2465 389 2530 sanctis
403 2475 436 2529 et
451 2465 545 2529 verba
559 2466 693 2529 minacia
707 2465 794 2530 lucis.
991 2530 993 2535 ,

138 2573 273 2649 Victima
288 2571 373 2637 nulla
387 2572 470 2635 litat:
496 2592 687 2654 magnosque
702 2572 815 2636 instare
832 2578 980 2643 tumultus

138 2678 231 2742 Fibra
245 2689 371 2756 monet;
395 2698 574 2761 caesumque
589 2688 686 2760 caput
700 2678 851 2759 reperitur
866 2680 899 2743 in
914 2684 1001 2746 ertia

138 2784 238 2867 Inque
253 2783 330 2860 foro,
346 2784 524 2865 circumque
540 2784 660 2859 domos,
677 2793 709 2845 et
724 2783 841 2866 templa
855 2785 985 2849 deorum
1277 2778 1278 2872 l

138 2888 317 2953 Nocturnos
333 2887 466 2951 ululisse
482 2908 586 2965 canes,
603 2888 789 2971 umbrasque
806 2889 949 2955 silentiam
1098 2902 1166 2965 250

138 2995 294 3059 Erravisse
310 2994 424 3071 ferunt,
441 3004 619 3077 motamque
635 2995 818 3059 tremoribus
834 2995 952 3061 urbem.

138 3102 212 3167 Non
229 3113 335 3165 tamen
350 3100 486 3180 insidias,
503 3111 696 3182 venturaque
712 3100 835 3164 vincere
852 3101 917 3167 fata

137 3209 343 3273 Praemonitus
359 3210 488 3291 potuere
503 3208 615 3272 derim:
640 3207 799 3290 strictique
815 3207 956 3273 feruntur

137 3314 174 3379 ln
191 3313 343 3397 templum
356 3313 469 3395 gladii:
494 3334 597 3396 neque
612 3312 697 3375 ennn
713 3311 800 3376 locus
817 3312 896 3377 ullus
911 3314 942 3379 in
959 3312 1046 3377 Urbe

137 3420 189 3483 Ad
203 3419 331 3494 facinus,
348 3418 508 3497 diramque
523 3417 635 3497 placet,
652 3417 711 3480 nisi
727 3418 830 3496 Curia,
847 3420 978 3483 caedem.
1096 3424 1162 3486 255

181 3522 266 3584 Turn
281 3521 354 3582 verb
369 3519 525 3601 Cytherea
539 3541 634 3583 manu
650 3522 801 3603 percussit
817 3524 948 3605 utrique

136 3625 268 3689 Pectus:
293 3633 326 3685 et
340 3622 477 3685 aethered
491 3622 615 3685 molitur
630 3624 766 3687 condere
782 3626 876 3705 nube,

137 3728 214 3796 Qua
229 3726 312 3807 priris
327 3724 440 3787 infesto
456 3724 541 3787 Paris
556 3735 604 3787 est
618 3737 744 3809 ereptus
760 3727 892 3808 Atridae,
