2567 4209
175 279 238 343 146
449 272 570 321 ovlns
593 265 928 320 METAMORPHOSES.

171 440 301 511 Quidve
315 444 442 505 moror?
465 441 528 524 quo
543 461 595 504 me
610 461 724 516 servas,
741 440 894 502 damnosa
909 430 1091 497 senectus?

172 544 272 626 Quid,
288 546 322 611 di
337 546 489 624 crudeles,
505 546 565 609 uisi
580 546 645 629 qud
660 566 742 607 nova
757 544 868 607 funera
882 558 1028 614 cernam,
1152 534 1213 595 515

171 650 321 715 Viracem
336 650 465 715 differtis
480 653 597 714 auum?
643 649 727 719 Quis
742 668 834 731 posse
850 652 979 728 putaret

171 753 308 819 Felicem
323 755 491 833 Priamum,
507 766 579 838 post
594 756 698 819 diruta
713 754 875 836 Pergama,
892 747 982 812 dici?

171 857 259 923 Felix
275 870 375 924 morte
390 860 458 938 sui,
475 881 535 923 nec
550 869 592 937 te,
608 881 680 922 mea
696 868 780 935 nata,
798 862 997 939 peremptam

170 964 325 1047 Adspicit,
341 974 375 1029 et
388 965 485 1029 vitum
499 965 614 1047 pariter
628 982 824 1046 regnumque
839 957 975 1040 reliquit.

170 1068 225 1147 At,
241 1079 328 1151 puto,
344 1068 504 1133 funeribus
519 1068 682 1145 dotaberc,
699 1067 784 1149 regia
799 1066 905 1146 virgo;
1153 1058 1215 1118 52⁰

169 1170 395 1255 Condeturque
411 1182 500 1236 tuum
515 1172 726 1235 monumentis
742 1190 857 1251 corpus
871 1165 973 1229 avitis.

170 1274 245 1339 Non
261 1276 331 1341 haec
345 1288 394 1341 est
409 1277 533 1341 fortuna
548 1276 670 1340 domuis.
716 1274 790 1338 Tibi
806 1292 938 1336 munera
953 1266 1073 1331 matris

168 1378 363 1465 Contingent
376 1383 479 1459 fletus,
494 1382 731 1465 peregriuaeque
746 1380 877 1443 haustus
892 1394 1013 1439 arenae.

169 1483 286 1547 Omnia
300 1486 502 1566 perdidimus.
551 1487 711 1569 Superest,
727 1506 785 1548 cur
800 1484 902 1545 vivere
918 1489 1053 1560 tempus

168 1585 206 1649 ln
221 1584 315 1650 breve
330 1588 510 1667 sustineam,
527 1591 630 1672 proles
645 1588 819 1672 gratissima
834 1585 936 1660 matri,
1153 1580 1213 1643 525

168 1688 265 1753 Nunc
280 1690 375 1768 solus,
389 1693 550 1774 quondam
565 1695 713 1757 minimus
728 1693 769 1755 de
786 1691 886 1773 stirpe·
898 1687 991 1765 virili,

168 1792 237 1857 Has
252 1795 344 1857 datus
360 1795 487 1859 Ismario
503 1797 568 1879 regi
584 1798 758 1880 Polydorus
773 1796 806 1859 in
822 1816 904 1858 oras.

169 1896 258 1966 Quid
272 1920 376 1962 moror
392 1900 510 1962 interea
524 1901 664 1964 crudelia
679 1900 809 1962 vulnera
824 1897 964 1981 lymphis

167 2000 316 2079 Abluere,
331 2016 365 2065 et
378 2024 501 2085 sparsos
515 2004 626 2067 immiti
642 2005 795 2087 sanguine
811 2003 915 2065 vultus
926 2000 961 2063 i'

418 2267 549 2311 nucum
573 2271 729 2311 CHANGED
753 2270 795 2311 ΤΟ
819 2270 840 2310 A
862 2268 939 2309 DOG·

210 2413 314 2478 Dixit:
339 2426 372 2480 et
386 2419 426 2481 ad
451 2418 524 2482 litus
544 2443 637 2503 passu
654 2424 803 2504 processit
818 2422 903 2497 anili,
1151 2422 1212 2483 53⁰

164 2516 318 2583 Albentes
333 2520 450 2585 laniata
463 2546 579 2587 comas.
627 2525 739 2603 ‘Date,
757 2527 910 2601 Troades,
928 2525 1076 2602 urnam‚’

164 2621 295 2684 ilixerat
310 2624 430 2702 infelix,
445 2627 577 2709 liquidas
592 2629 729 2693 hauriret
744 2641 780 2691 ut
796 2631 915 2692 undas:

165 2716 309 2802 Adspicit
323 2728 458 2809 ejectum
474 2730 620 2812 Polydori
635 2733 667 2794 in
684 2732 773 2796 litore
789 2754 914 2814 corpus,

164 2822 323 2906 Factaque
337 2828 492 2893 Threiciis
507 2832 645 2914 ingentia
660 2837 790 2899 vulnera
805 2838 885 2899 telis.

164 2926 305 2991 Troades
319 2931 513 2997 exclamant:
539 2937 696 3001 obmutuit
711 2940 763 3002 illa
777 2941 905 3017 dolorc;
1143 2944 1204 3005 535

164 3029 207 3093 Et
220 3031 334 3112 pariter
348 3056 468 3115 uocem,
484 3038 695 3121 lacrymasque
712 3043 860 3106 introrsus
877 3043 1006 3107 obortas

163 3132 300 3197 Devorat
314 3136 381 3218 ipse
396 3141 502 3204 dolor:
527 3144 666 3224 duroque
682 3145 836 3209 simillima
852 3168 929 3210 saxo

163 3232 292 3313 Torpet,
307 3248 340 3298 et
354 3243 486 3305 adversis
500 3245 566 3325 figit
581 3247 675 3309 modd
690 3248 808 3312 lumina
823 3252 926 3327 terrim

162 3330 323 3397 Interdum
338 3347 440 3401 torvos
455 3346 586 3407 sustollit
600 3350 641 3410 ad
657 3350 774 3413 aethera
789 3353 911 3415 vultus:

162 3430 258 3493 Nunc
272 3437 362 3513 positi
378 3452 498 3517 spectat
512 3446 642 3523 vultum,
659 3471 744 3513 nunc
759 3453 898 3531 vulnera,
915 3458 992 3533 nati,
1132 3464 1196 3524 540

161 3526 300 3593 Vulnera
313 3540 487 3618 praecipue:
513 3564 608 3623 seque
622 3561 722 3611 armat
737 3563 770 3613 et
784 3554 909 3618 instruit
924 3558 982 3621 iri.

161 3628 238 3697 oua
252 3632 341 3695 simul
354 3640 476 3715 exarsit,
491 3652 638 3723 tanquam
654 3652 762 3729 regina
776 3668 929 3733 maneret,
