2567 4209
154 334 217 397 136
429 327 550 377 0v1u’s
571 318 906 375 METAMORPHOSES.

150 498 192 562 Et
207 518 319 562 moveo
334 495 503 574 Priamum,
519 495 705 576 Priamoque
722 490 888 553 Antenora
899 488 1072 573 junctum.

150 603 195 666 At
210 604 305 682 Paris,
322 613 354 666 et
370 602 489 678 fratres,
504 600 606 682 etqui
621 599 754 679 rapuere
770 594 829 659 sub
846 594 909 669 illo,

150 709 211 773 vu
227 710 356 773 tenuere
371 728 483 771 manus
500 705 575 794 (scis
591 704 662 781 hoc,
679 699 843 786 Menelac')
862 697 1046 763 nefandas:

150 812 316 895 Primaque
332 811 385 876 lux
400 810 498 875 nostri
512 822 618 874 tecum
634 808 694 872 fuit
708 806 760 871 illa
777 804 895 889 pericli.

194 917 306 1001 Longa
320 918 434 981 referre
448 938 537 981 mora
551 926 609 992 est,
625 935 697 996 qum
713 911 907 992 consilioque
924 926 1103 989 manuque
1135 908 1202 967 205

153 1022 275 1087 Utiliter
290 1023 350 1087 leci
365 1022 492 1106 spatiosi
507 1033 650 1103 tempore
666 1017 749 1081 belli.

150 1127 226 1191 Post
239 1129 324 1193 acies
339 1130 462 1211 primas,
479 1127 563 1190 urbis
577 1146 612 1189 se
627 1124 785 1188 moenibus
801 1122 907 1185 hostes

150 1232 342 1297 continuere
357 1234 434 1311 diu;
458 1252 518 1295 nee
532 1231 632 1313 aperti
648 1230 741 1311 copia
758 1226 869 1291 Martis

149 1337 224 1402 Ulla
239 1339 314 1402 fuit:
340 1338 464 1401 decimo
478 1337 606 1400 demum
622 1334 831 1417 pugnavimus
846 1350 944 1394 anno.

151 1443 241 1513 Quid
257 1445 332 1508 lacis
346 1443 475 1519 interea,
491 1440 545 1524 qui
560 1440 605 1504 nil
620 1440 679 1503 nisi
696 1438 805 1521 proeliu
821 1436 925 1500 nosti?
1135 1434 1202 1495 210

152 1548 234 1615 Quis
249 1559 320 1611 tuus
337 1568 409 1609 usus
424 1550 514 1610 erat?
562 1547 647 1610 Nam
662 1546 688 1607 si
704 1566 777 1609 mea
792 1543 875 1607 sacta
889 1539 1040 1623 requirire,

150 1650 302 1714 Hostibus
317 1651 461 1714 insidior:
486 1651 584 1716 fossas
599 1650 773 1715 munimine
790 1649 902 1730 cingo:

149 1753 301 1818 Consolor
316 1756 425 1832 socios,
442 1764 478 1817 ut
492 1755 576 1837 longi
593 1757 688 1820 taedia
704 1754 777 1817 belli

149 1857 261 1925 Mente
277 1862 377 1926 lerant
392 1861 532 1944 placidii:
558 1862 660 1925 doceo
675 1882 738 1943 quo
754 1860 851 1923 simus
868 1858 987 1934 alendi,

150 1964 341 2031 Arrnandive
356 1968 469 2030 modo:
494 1967 599 2029 mittor
614 1966 677 2049 qud
693 1964 831 2048 postulat
847 1984 932 2027 usus.
1130 1962 1196 2023 215

195 2070 279 2135 Ecce
295 2072 381 2137 Iovis
395 2072 528 2149 monitu,
544 2072 697 2153 deceptus
713 2070 850 2152 imagine
866 2066 981 2145 somni,

74 2257 78 2263 Ι
149 2174 220 2237 Rex
232 2177 321 2259 jubet
336 2176 452 2257 incepti
469 2198 575 2239 curam
591 2176 747 2239 dimittere
764 2174 847 2237 belli.

148 2276 205 2340 Ille
221 2290 324 2359 potest
338 2292 464 2342 auctore
480 2302 568 2343 suam
582 2280 754 2343 defendere
770 2300 910 2343 causam.

149 2381 224 2445 Non
240 2383 322 2446 sinat
336 2384 397 2446 hoc
412 2381 503 2466 Aiax,
519 2384 717 2465 delendaque
733 2384 887 2465 Pergama
903 2392 1037 2464 poscat3

149 2485 311 2569 Quodque
326 2499 438 2570 potest,
451 2500 579 2569 pugnet.
618 2488 684 2550 Cur
699 2509 763 2550 non
780 2496 954 2549 remoratur
969 2486 1099 2548 ituros?
1125 2489 1191 2547 220

148 2589 213 2654 Cur
229 2612 292 2655 non
307 2613 394 2656 arma
408 2592 514 2674 capit?
559 2591 632 2668 Dat,
649 2594 734 2674 quod
751 2612 830 2671 vaga
846 2590 938 2651 turba
954 2591 1137 2671 sequatur?

149 2694 224 2758 Non
240 2707 306 2758 erat
321 2697 381 2760 hoc
396 2696 527 2758 nimium
542 2716 702 2776 nunquam
718 2694 775 2757 nisi
791 2714 909 2775 magna
924 2692 1083 2775 loquenti.

150 2797 248 2872 Quid,
265 2798 350 2878 qudd
365 2809 398 2859 et
411 2798 478 2878 ipse
494 2798 596 2878 sugis?
620 2799 695 2875 vidi,
712 2798 887 2879 puduitque
903 2797 1023 2873 videre,

148 2899 229 2961 Cum
245 2909 279 2960 tu
295 2909 383 2981 terga
396 2901 496 2976 dares,
512 2900 740 2984 inhonestaque
756 2902 826 2965 vela
842 2923 978 2984 parares.

149 3002 220 3066 Nec
235 3023 331 3081 mora,
349 3004 457 3073 ‘Quid
473 3004 593 3068 facitis?
617 3028 689 3087 quae
705 3028 759 3069 vos
775 3006 957 3083 dementia,’
976 3005 1054 3083 dixi,
1116 3010 1181 3070 225

149 3108 324 3184 ‘Concitet
340 3130 361 3171 o
375 3110 460 3188 socii,
476 3119 602 3192 captam
617 3110 773 3173 dimittere
790 3111 941 3194 Trojam?

150 3213 277 3281 Quidve
293 3213 421 3275 domum
437 3214 522 3277 sertis
538 3214 671 3289 decimo,
688 3214 747 3276 nisi
763 3214 912 3291 dedecus,
929 3236 1016 3277 anno
1027 3214 1061 3278 l’

148 3314 278 3375 Talibus
292 3324 385 3394 atque
401 3316 480 3391 aliis,
497 3318 528 3378 in
544 3338 614 3397 quae
630 3315 719 3379 dolor
735 3318 800 3399 ipse
816 3317 967 3381 disertum

149 3415 288 3491 Fecerat,
304 3436 427 3477 aversos
443 3419 574 3499 profuga
588 3421 629 3481 de
645 3420 741 3482 classe
758 3422 877 3485 reduxi.

148 3516 310 3577 Convocat
325 3514 451 3577 Atrides
466 3519 565 3579 socios
581 3532 695 3583 terrore
712 3534 880 3601 paventes:
1111 3533 1175 3595 230

149 3616 219 3679 Nec
234 3616 474 3680 Telamoniades
488 3619 582 3681 etiam
598 3643 684 3684 nune
699 3624 818 3687 hiscere
833 3627 1008 3710 quidquam

149 3716 272 3779 Audet:
295 3726 329 3778 at
342 3737 436 3779 ausus
450 3730 518 3782 erat
532 3741 620 3801 reges
635 3723 789 3789 incessere
805 3728 897 3791 dictis
