2567 4209
558 318 656 371 eoos
678 319 700 369 1.
1115 326 1141 387 9

116 490 225 575 thue
240 494 312 557 duae
328 492 438 557 dextri
453 480 578 571 crolum,
595 493 787 575 totidemque
802 490 927 557 sinissra
1091 490 1137 554 45

117 597 210 663 Parte
225 608 334 662 secant
349 620 447 676 zonae,
464 598 574 681 quintu
588 609 636 661 est
650 599 808 661 ardentior
822 596 901 674 illis;

119 702 176 765 Sic
189 724 269 766 onus
284 702 438 766 inclusum
454 724 585 767 numero
600 703 741 766 distinxit
753 704 868 765 eodem

117 804 202 871 Cura
217 808 278 885 dei,
296 808 488 890 totidemque
504 808 605 891 plagae
622 807 731 870 tellure
746 817 940 889 premuntur.

119 911 263 980 Quarum
279 934 349 994 quae
365 914 469 976 media
484 922 542 990 est,
558 934 622 975 non
637 922 687 975 est
701 912 876 975 habitabilis
891 922 987 975 aestu:

119 1014 183 1079 Nix
199 1017 277 1099 tegit
290 1016 354 1079 alta
368 1017 465 1095 duas3
490 1016 621 1079 totidem
636 1016 718 1079 inter
732 1028 896 1098 utramque
911 1015 1036 1093 locavit,
1092 1018 1138 1079 50

117 1124 378 1207 Temperiemque
394 1125 492 1202 dedit,
508 1124 606 1187 mixti
620 1146 693 1187 curn
709 1124 821 1206 frigore
836 1123 973 1186 flammi.

117 1228 266 1291 Imminet
281 1228 328 1292 his
342 1232 414 1292 aer:
440 1229 502 1311 qui,
519 1238 637 1310 quanto
650 1236 700 1290 est
713 1227 854 1310 pondere
868 1237 960 1289 terras

118 1330 246 1396 Pondus
261 1353 350 1414 aquoe
366 1333 474 1410 leviuS,
490 1343 578 1396 tanto
594 1343 642 1394 est
656 1332 814 1394 onerosior
828 1330 904 1413 igni.
929 1357 932 1361 ⁴

117 1438 187 1502 lllic
201 1448 233 1501 et
247 1437 388 1516 nebulas,
405 1438 466 1501 illic
481 1438 650 1500 consistere
666 1437 765 1498 nubes
811 1467 813 1470 v

117 1541 136 1606 J
139 1544 225 1621 ussit,
241 1553 273 1605 et
288 1543 441 1605 humanas
456 1552 578 1605 motura
593 1541 730 1604 tonitrua
745 1548 877 1619 mentes,
1092 1544 1137 1605 55

1 1681 2 1685 ,
117 1649 247 1712 Etcum
263 1647 442 1710 fulminibus
458 1647 607 1710 facientes
623 1646 737 1729 frigora
751 1656 872 1709 ventos.

116 1753 178 1817 His
193 1774 316 1836 quoque
332 1773 396 1815 non
412 1753 526 1833 passim
541 1752 651 1815 mundi
667 1751 833 1815 fabricator
847 1751 1029 1816 habendum

117 1859 203 1923 Ae'ra
217 1857 365 1941 permisit.
408 1856 471 1943 ρἯι
488 1878 573 1945 nunc
589 1856 747 1943 obsistitur
755 1855 831 1936 illis,

117 1962 197 2026 Ciam
213 1982 269 2024 sua
284 1941 421 2043 quisque*
431 1968 541 2041 regant
557 1946 680 2021 diuerso
695 1948 823 2021 flamina
836 1968 949 2035 tractu,

118 2042 206 2137 thu
222 2066 341 2129 lanient
356 2064 527 2127 mundum:
553 2072 640 2125 tanta
656 2072 704 2124 est
719 2061 873 2125 discordia
887 2061 1034 2127 fratrum!
1094 2066 1139 2129 60

118 2173 219 2235 Eurus
235 2173 276 2235 ad
292 2170 446 2233 Auroram
462 2165 679 2250 Nabataeaque
694 2188 791 2250 regna
805 2166 943 2245 recessit,

117 2276 316 2357 Persidaque,
332 2285 365 2338 et
380 2274 473 2337 radiis
484 2274 562 2359 juga
577 2273 701 2336 subdita
715 2272 885 2336 matutinis.

117 2381 248 2463 Vesper,
263 2390 296 2442 et
310 2380 444 2443 occiduo
458 2400 529 2461 quae
545 2377 650 2441 littora
664 2376 729 2441 sole
743 2386 919 2460 tepescunt,

115 2485 261 2549 Proxima
276 2492 349 2547 sunt
363 2483 525 2567 Zephyro:
553 2483 715 2565 Scythiam
732 2482 925 2564 Septemque
939 2480 1073 2546 trionem

115 2589 258 2653 Horrifer
273 2589 384 2652 invasit
399 2588 533 2666 Boreas3
556 2587 711 2650 contraria
726 2585 817 2649 tellus
1092 2588 1137 2651 65

116 2695 262 2759 Nubibus
277 2694 408 2757 assiduis
423 2692 589 2775 pluvioque
605 2690 758 2755 madescit
772 2690 812 2755 ab
828 2691 955 2754 Austro.

116 2798 198 2864 Haec
213 2820 306 2882 super
320 2798 467 2880 imposuit
481 2797 632 2881 liquidum
649 2807 682 2860 et
696 2796 848 2879 gravitate
863 2804 1023 2860 carentem

117 2904 257 2982 AEthera,
273 2904 517 2986 necquidquam
533 2913 666 2965 terrenae
682 2902 768 2966 faecis
784 2902 963 2965 habentem.

162 3010 223 3073 Vix
238 3030 277 3072 ea
291 3007 438 3072 limitibus
454 3008 640 3089 dissepserat
655 3008 761 3070 omnia
776 3007 878 3084 certis,

116 3115 207 3193 Cum,
224 3136 293 3198 quoe
309 3134 416 3195 pressa
431 3114 486 3175 diu
501 3112 604 3175 massi
619 3112 739 3174 latuere
755 3111 814 3173 sub
829 3110 891 3187 illa,
1092 3110 1137 3173 70

116 3220 230 3284 Sidera
244 3228 407 3301 coeperunt
422 3228 489 3280 toto
504 3216 707 3279 effervescere
722 3215 827 3277 coelo..

1 3342 3 3386 τ
116 3322 191 3389 Neu
205 3324 292 3406 regio
307 3323 386 3386 foret
401 3322 464 3385 ulla
480 3321 542 3384 suis
556 3320 766 3383 animantibus
782 3319 867 3398 orba,

116 3429 210 3491 Astra
225 3437 335 3490 tenent
350 3424 476 3489 coeleste
492 3425 592 3489 solum
608 3425 779 3507 formaeque
795 3426 945 3502 deorum;

115 3532 285 3596 Cesserunt
300 3530 405 3594 nitidis
421 3529 599 3592 habitandae
616 3528 752 3611 piscibus
768 3531 882 3607 undae3

115 3637 214 3701 Terra
229 3636 310 3699 feras
325 3634 420 3716 oepit,
436 3632 577 3696 volucres
592 3632 745 3715 agitabilis
760 3636 825 3696 adr.
1092 3632 1136 3694 *15

160 3740 308 3806 Sanctius
324 3738 371 3802 his
386 3736 511 3814 animal,
527 3738 703 3817 mentisque
718 3736 865 3817 capacius
879 3736 962 3811 altre,
