2567 4209
359 602 427 645 THE
451 601 661 643 PUNISHMENT
684 602 724 643 OF
748 600 859 643 NlOBB·

86 789 215 853 Planus
230 798 307 867 erat,
323 790 446 872 lateque
462 799 572 872 patens
587 810 684 872 prope
699 790 815 853 moenia
830 808 970 871 campus,

87 896 251 960 Adsiduis
267 896 405 979 pulsatus
421 898 530 978 equis;
554 896 607 960 ubi
623 898 714 961 turba
728 907 866 961 rotarum

88 999 248 1083 Duraque
264 1001 437 1065 mollierant
453 1002 606 1087 subjectas
621 1002 739 1084 ungula
753 1002 871 1085 glebas.

89 1105 174 1169 Pars
191 1106 233 1169 ibi
249 1107 289 1169 de
305 1117 424 1189 septem
439 1108 552 1190 genitis
568 1108 747 1190 Amphione
763 1107 858 1170 fortes

91 1210 327 1275 Conscendunt
342 1212 374 1275 in
389 1233 496 1294 aquea,
512 1213 672 1296 Tyrioque
688 1212 831 1275 rubentia
846 1212 920 1275 fuco
1074 1212 1119 1273 75

93 1314 206 1397 Terga
221 1326 375 1397 premunt,
390 1338 527 1399 auroque
543 1338 652 1399 graves
667 1318 867 1379 moderantur
882 1315 1028 1379 habenas.

95 1417 127 1480 E
144 1419 255 1501 quibus
271 1418 421 1498 Ismenos,
438 1421 491 1503 qui
505 1422 595 1485 matri
611 1422 732 1485 sarcina
746 1422 904 1503 quondam

95 1523 205 1587 Prima
219 1546 283 1588 suae
300 1523 410 1603 suerat,
426 1526 502 1588 dum
517 1536 636 1590 certum
651 1528 749 1590 flectit
764 1526 796 1590 in
811 1527 919 1589 orbem

96 1629 333 1712 Quadrupedes
349 1652 466 1708 cursus,
482 1632 720 1715 spumantiaque
735 1653 790 1695 ora
804 1634 939 1709 coercet,

98 1732 185 1797 ‘Hei
200 1734 275 1797 mihi
286 1735 313 1797 l'
336 1736 520 1814 conclamat,
537 1736 703 1819 medioque
719 1737 751 1800 in
767 1746 893 1819 pectore
908 1735 987 1799 fixus
1073 1738 1119 1800 80

98 1833 182 1897 Tela
196 1835 285 1917 gerit,
301 1836 456 1919 frenisque
472 1858 566 1901 manu
582 1838 734 1901 moriente
749 1838 893 1915 remissis,

101 1940 141 2003 ln
157 1939 235 2002 latus
249 1962 269 2003 a
283 1941 392 2003 dextro
408 1940 556 2023 paulatim
571 1942 683 2005 defluit
697 1962 794 2004 armo.

103 2044 273 2122 Proximus,
289 2046 398 2108 audito
412 2045 516 2108 sonitu
532 2046 696 2129 perinane
712 2046 865 2128 pharetras

103 2148 205 2213 Frena
219 2150 313 2213 dabat
330 2150 471 2233 Sipylus:
497 2150 591 2213 veluti
606 2152 678 2213 clun
693 2150 841 2232 praescius
856 2149 962 2213 imbris

104 2253 196 2316 Nube
213 2254 291 2337 fugit
305 2254 380 2333 risle,
396 2256 626 2337 pendentiaque
643 2256 782 2338 undique
797 2264 898 2319 rector
1073 2256 1119 2319 85

104 2357 238 2422 Carbasa
252 2359 391 2437 deducit,
406 2380 447 2423 ne
463 2360 525 2443 qud
539 2360 613 2423 levis
629 2361 736 2424 effluat
749 2382 834 2424 aura.
1074 2356 1076 2360 ¹

106 2462 205 2525 Frena
219 2464 322 2527 dabat.
368 2463 502 2528 Dantem
518 2486 580 2529 non
597 2464 741 2529 evitabile
756 2466 852 2529 telum

107 2566 322 2650 Consequitur,
341 2570 522 2651 summeque
538 2580 673 2633 tremens
688 2570 807 2633 cervice
823 2569 935 2651 sagitta

107 2670 216 2749 Haesit,
231 2682 263 2735 et
278 2672 417 2736 exstabat
431 2673 551 2737 nudum
566 2674 606 2737 de
621 2683 746 2756 gutture
764 2674 888 2737 ferrum.

108 2775 171 2854 Ille,
186 2786 221 2839 ut
235 2787 301 2841 erat
315 2797 440 2859 pronus,
456 2798 511 2860 per
525 2778 604 2843 colla
617 2779 753 2843 admissa
764 2778 918 2864 jubasque
1076 2782 1121 2844 90

110 2879 254 2958 Volvitur,
270 2892 302 2945 et
316 2882 423 2946 calido
432 2883 572 2946 tellurem
587 2884 738 2966 sanguine
754 2883 861 2948 loedat.

110 2985 281 3049 Phaedimus
296 2987 411 3065 infelix,
426 2998 458 3051 et
473 2988 546 3051 aviti
561 2989 695 3052 nominis
710 2988 799 3051 heres

110 3090 265 3168 Tantalus,
282 3101 316 3154 ut
332 3091 421 3155 solito
435 3092 529 3156 tinem
545 3093 722 3174 imposuere
737 3092 843 3169 labori,

111 3196 304 3259 Transierant
318 3196 359 3260 ad
375 3217 453 3278 opus
468 3196 575 3259 nitidae
588 3195 725 3280 juvenile
741 3195 913 3278 palaestraet

112 3300 150 3363 Et
159 3301 221 3384 jam
236 3300 430 3364 contulerant
444 3310 530 3365 arcto
543 3300 692 3364 luctantia
706 3322 790 3363 nexu
964 3317 972 3329 ·
988 3336 992 3343 ·
1077 3304 1121 3366 95

111 3404 234 3469 Pectora
250 3404 435 3487 pectoribus,
450 3405 521 3469 edm
537 3414 624 3469 tento
638 3407 762 3470 concita
777 3428 884 3486 cornu,

114 3509 193 3574 Sicut
208 3520 296 3572 erant
307 3508 418 3593 juncti,
434 3509 552 3593 trajecit
567 3520 733 3592 utrumque
748 3510 869 3593 sagitta.

113 3614 288 3696 Ingemuere
303 3613 412 3690 simul;
437 3613 527 3676 simul
541 3613 702 3677 incurvata
716 3613 822 3677 dolore

113 3715 247 3785 Membra
262 3716 328 3781 solo
343 3718 493 3801 postere3
516 3717 607 3781 simul
621 3737 766 3801 suprema
776 3718 917 3801 neantes
