<?xml version="1.0" encoding="UTF-8"?>
<!DOCTYPE html PUBLIC "-//W3C//DTD XHTML 1.0 Transitional//EN"
    "http://www.w3.org/TR/xhtml1/DTD/xhtml1-transitional.dtd">
<html xmlns="http://www.w3.org/1999/xhtml" xml:lang="en" lang="en">
 <head>
  <title>
</title>
<meta http-equiv="Content-Type" content="text/html;charset=utf-8" />
  <meta name='ocr-system' content='tesseract 3.04.00' />
  <meta name='ocr-capabilities' content='ocr_page ocr_carea ocr_par ocr_line ocrx_word'/>
</head>
<body>
  <div class='ocr_page' id='page_1' title='image "./selectionsfromm00andrgoog_0087.png"; bbox 0 0 2567 4209; ppageno 0'>
   <div class='ocr_carea' id='block_1_1' title="bbox 538 315 704 366">
    <p class='ocr_par' dir='ltr' id='par_1_1' title="bbox 538 315 704 366">
     <span class='ocr_line' id='line_1_1' title="bbox 538 315 704 366; baseline -0.012 0"><span class='ocrx_word' id='word_1_1' title='bbox 538 315 635 366; x_wconf 83' lang='lat' dir='ltr'>BOOK</span> <span class='ocrx_word' id='word_1_2' title='bbox 658 315 704 366; x_wconf 84' lang='lat' dir='ltr'>Vl.</span> 
     </span>
    </p>
   </div>
   <div class='ocr_carea' id='block_1_2' title="bbox 97 482 1132 1199">
    <p class='ocr_par' dir='ltr' id='par_1_2' title="bbox 97 482 817 569">
     <span class='ocr_line' id='line_1_2' title="bbox 97 482 817 569; baseline 0 -20"><span class='ocrx_word' id='word_1_3' title='bbox 97 482 154 549; x_wconf 89' lang='lat' dir='ltr'>Ut</span> <span class='ocrx_word' id='word_1_4' title='bbox 170 506 226 548; x_wconf 87' lang='lat' dir='ltr'>sua</span> <span class='ocrx_word' id='word_1_5' title='bbox 241 485 420 569; x_wconf 86' lang='lat' dir='ltr'>progenies:</span> <span class='ocrx_word' id='word_1_6' title='bbox 445 494 478 549; x_wconf 90' lang='lat' dir='ltr'>et</span> <span class='ocrx_word' id='word_1_7' title='bbox 493 485 670 551; x_wconf 77' lang='lat' dir='ltr'>felicissime</span> <span class='ocrx_word' id='word_1_8' title='bbox 684 495 817 549; x_wconf 84' lang='lat' dir='ltr'>metrum</span> 
     </span>
    </p>

    <p class='ocr_par' dir='ltr' id='par_1_3' title="bbox 98 588 835 670">
     <span class='ocr_line' id='line_1_3' title="bbox 98 588 835 670; baseline 0.003 -18"><span class='ocrx_word' id='word_1_9' title='bbox 98 588 204 654; x_wconf 87' lang='lat' dir='ltr'>Dicta</span> <span class='ocrx_word' id='word_1_10' title='bbox 219 590 299 654; x_wconf 81' lang='lat' dir='ltr'>foret</span> <span class='ocrx_word' id='word_1_11' title='bbox 313 589 427 670; x_wconf 84' lang='lat' dir='ltr'><strong>Niobe,</strong></span> <span class='ocrx_word' id='word_1_12' title='bbox 443 590 468 653; x_wconf 90' lang='lat' dir='ltr'>si</span> <span class='ocrx_word' id='word_1_13' title='bbox 484 612 547 654; x_wconf 89' lang='lat' dir='ltr'>non</span> <span class='ocrx_word' id='word_1_14' title='bbox 563 591 621 655; x_wconf 90' lang='lat' dir='ltr'>sibi</span> <span class='ocrx_word' id='word_1_15' title='bbox 636 592 703 654; x_wconf 85' lang='lat' dir='ltr'>visa</span> <span class='ocrx_word' id='word_1_16' title='bbox 717 590 835 654; x_wconf 86' lang='lat' dir='ltr'>fuisset.</span> 
     </span>
    </p>

    <p class='ocr_par' dir='ltr' id='par_1_4' title="bbox 101 694 1132 879">
     <span class='ocr_line' id='line_1_4' title="bbox 102 694 1132 779; baseline 0.003 -21"><span class='ocrx_word' id='word_1_17' title='bbox 102 696 194 758; x_wconf 89' lang='lat' dir='ltr'>Nam</span> <span class='ocrx_word' id='word_1_18' title='bbox 210 705 278 759; x_wconf 86' lang='lat' dir='ltr'>sata</span> <span class='ocrx_word' id='word_1_19' title='bbox 291 695 422 773; x_wconf 72' lang='lat' dir='ltr'>Tiresid‚</span> <span class='ocrx_word' id='word_1_20' title='bbox 439 697 560 759; x_wconf 88' lang='lat' dir='ltr'>venturi</span> <span class='ocrx_word' id='word_1_21' title='bbox 576 696 715 779; x_wconf 67' lang='lat' dir='ltr'>praescia,</span> <span class='ocrx_word' id='word_1_22' title='bbox 731 694 844 759; x_wconf 87' lang='lat' dir='ltr'>Manto</span> <span class='ocrx_word' id='word_1_23' title='bbox 1091 700 1132 761; x_wconf 88' lang='lat'>10</span> 
     </span>
     <span class='ocr_line' id='line_1_5' title="bbox 101 800 804 879; baseline 0.004 -17"><span class='ocrx_word' id='word_1_24' title='bbox 101 800 170 862; x_wconf 88' lang='lat' dir='ltr'>Per</span> <span class='ocrx_word' id='word_1_25' title='bbox 185 800 303 863; x_wconf 89' lang='lat' dir='ltr'>medias</span> <span class='ocrx_word' id='word_1_26' title='bbox 319 800 429 878; x_wconf 83' lang='lat' dir='ltr'>luerat,</span> <span class='ocrx_word' id='word_1_27' title='bbox 444 802 551 864; x_wconf 88' lang='lat' dir='ltr'>divino</span> <span class='ocrx_word' id='word_1_28' title='bbox 566 802 691 865; x_wconf 88' lang='lat' dir='ltr'>concita</span> <span class='ocrx_word' id='word_1_29' title='bbox 705 811 804 879; x_wconf 90' lang='lat' dir='ltr'>motu,</span> 
     </span>
    </p>

    <p class='ocr_par' dir='ltr' id='par_1_5' title="bbox 101 905 877 989">
     <span class='ocr_line' id='line_1_6' title="bbox 101 905 877 989; baseline 0.001 -21"><span class='ocrx_word' id='word_1_30' title='bbox 101 905 287 969; x_wconf 75' lang='lat' dir='ltr'>Vaticinata</span> <span class='ocrx_word' id='word_1_31' title='bbox 303 906 386 970; x_wconf 88' lang='lat' dir='ltr'>vias:</span> <span class='ocrx_word' id='word_1_32' title='bbox 411 906 612 983; x_wconf 67' lang='lat' dir='ltr'>‘Ismenides</span> <span class='ocrx_word' id='word_1_33' title='bbox 629 906 672 969; x_wconf 83' lang='lat' dir='ltr'>ite</span> <span class='ocrx_word' id='word_1_34' title='bbox 688 905 877 989; x_wconf 81' lang='lat' dir='ltr'>frequentes,</span> 
     </span>
    </p>

    <p class='ocr_par' dir='ltr' id='par_1_6' title="bbox 103 1008 828 1094">
     <span class='ocr_line' id='line_1_7' title="bbox 103 1008 828 1094; baseline 0.001 -22"><span class='ocrx_word' id='word_1_35' title='bbox 103 1008 151 1072; x_wconf 90' lang='lat' dir='ltr'>Et</span> <span class='ocrx_word' id='word_1_36' title='bbox 166 1011 238 1073; x_wconf 90' lang='lat' dir='ltr'>date</span> <span class='ocrx_word' id='word_1_37' title='bbox 254 1009 397 1089; x_wconf 74' lang='lat' dir='ltr'>Latonae,</span> <span class='ocrx_word' id='word_1_38' title='bbox 413 1010 679 1094; x_wconf 80' lang='lat' dir='ltr'>Latonigenisque</span> <span class='ocrx_word' id='word_1_39' title='bbox 694 1010 828 1090; x_wconf 85' lang='lat' dir='ltr'>duobus,</span> 
     </span>
    </p>

    <p class='ocr_par' dir='ltr' id='par_1_7' title="bbox 102 1114 976 1199">
     <span class='ocr_line' id='line_1_8' title="bbox 102 1114 976 1199; baseline 0.003 -22"><span class='ocrx_word' id='word_1_40' title='bbox 102 1114 189 1177; x_wconf 90' lang='lat' dir='ltr'>Cum</span> <span class='ocrx_word' id='word_1_41' title='bbox 206 1135 298 1197; x_wconf 89' lang='lat' dir='ltr'>prece</span> <span class='ocrx_word' id='word_1_42' title='bbox 313 1114 405 1178; x_wconf 88' lang='lat' dir='ltr'>thura</span> <span class='ocrx_word' id='word_1_43' title='bbox 420 1116 492 1198; x_wconf 73' lang='lat' dir='ltr'>pib3</span> <span class='ocrx_word' id='word_1_44' title='bbox 515 1115 665 1199; x_wconf 89' lang='lat' dir='ltr'>lauroque</span> <span class='ocrx_word' id='word_1_45' title='bbox 680 1116 831 1180; x_wconf 82' lang='lat' dir='ltr'>innectite</span> <span class='ocrx_word' id='word_1_46' title='bbox 846 1116 976 1180; x_wconf 55' lang='lat' dir='ltr'>crinemt</span> 
     </span>
    </p>
   </div>
   <div class='ocr_carea' id='block_1_3' title="bbox 103 1220 1129 3830">
    <p class='ocr_par' dir='ltr' id='par_1_8' title="bbox 103 1220 1129 1515">
     <span class='ocr_line' id='line_1_9' title="bbox 103 1220 1129 1307; baseline 0.004 -24"><span class='ocrx_word' id='word_1_47' title='bbox 103 1220 175 1283; x_wconf 90' lang='lat' dir='ltr'>Ore</span> <span class='ocrx_word' id='word_1_48' title='bbox 190 1241 261 1284; x_wconf 91' lang='lat' dir='ltr'>meo</span> <span class='ocrx_word' id='word_1_49' title='bbox 276 1221 397 1285; x_wconf 78' lang='lat' dir='ltr'>Latona</span> <span class='ocrx_word' id='word_1_50' title='bbox 409 1221 519 1307; x_wconf 64' lang='lat' dir='ltr'>jubet!</span> <span class='ocrx_word' id='word_1_51' title='bbox 565 1221 715 1299; x_wconf 85' lang='lat' dir='ltr'>Paretur3</span> <span class='ocrx_word' id='word_1_52' title='bbox 739 1233 772 1284; x_wconf 90' lang='lat' dir='ltr'>et</span> <span class='ocrx_word' id='word_1_53' title='bbox 786 1242 896 1285; x_wconf 88' lang='lat' dir='ltr'>omnes</span> <span class='ocrx_word' id='word_1_54' title='bbox 1088 1226 1129 1287; x_wconf 85' lang='lat'>15</span> 
     </span>
     <span class='ocr_line' id='line_1_10' title="bbox 103 1324 934 1410; baseline 0.005 -24"><span class='ocrx_word' id='word_1_55' title='bbox 103 1324 289 1389; x_wconf 85' lang='lat' dir='ltr'>Thebaides</span> <span class='ocrx_word' id='word_1_56' title='bbox 301 1326 393 1410; x_wconf 88' lang='lat' dir='ltr'>jussis</span> <span class='ocrx_word' id='word_1_57' title='bbox 408 1347 465 1389; x_wconf 87' lang='lat' dir='ltr'>sua</span> <span class='ocrx_word' id='word_1_58' title='bbox 480 1336 620 1409; x_wconf 90' lang='lat' dir='ltr'>tempora</span> <span class='ocrx_word' id='word_1_59' title='bbox 635 1326 797 1390; x_wconf 84' lang='lat' dir='ltr'>frondibus</span> <span class='ocrx_word' id='word_1_60' title='bbox 812 1338 934 1405; x_wconf 80' lang='lat' dir='ltr'>ornam,</span> 
     </span>
     <span class='ocr_line' id='line_1_11' title="bbox 104 1430 1016 1515; baseline 0.003 -22"><span class='ocrx_word' id='word_1_61' title='bbox 104 1430 278 1514; x_wconf 89' lang='lat' dir='ltr'>Thuraque</span> <span class='ocrx_word' id='word_1_62' title='bbox 295 1433 373 1496; x_wconf 88' lang='lat' dir='ltr'>dant</span> <span class='ocrx_word' id='word_1_63' title='bbox 388 1433 514 1510; x_wconf 83' lang='lat' dir='ltr'>sanctis,</span> <span class='ocrx_word' id='word_1_64' title='bbox 529 1442 562 1496; x_wconf 86' lang='lat' dir='ltr'>et</span> <span class='ocrx_word' id='word_1_65' title='bbox 577 1432 672 1496; x_wconf 87' lang='lat' dir='ltr'>verba</span> <span class='ocrx_word' id='word_1_66' title='bbox 687 1433 857 1515; x_wconf 81' lang='lat' dir='ltr'>precantia,</span> <span class='ocrx_word' id='word_1_67' title='bbox 872 1433 1016 1497; x_wconf 73' lang='lat' dir='ltr'>flammis</span> 
     </span>
    </p>

    <p class='ocr_par' dir='ltr' id='par_1_9' title="bbox 104 1536 1129 3830">
     <span class='ocr_line' id='line_1_12' title="bbox 154 1536 958 1616; baseline 0.002 -17"><span class='ocrx_word' id='word_1_68' title='bbox 154 1536 238 1601; x_wconf 86' lang='lat' dir='ltr'>Ecce</span> <span class='ocrx_word' id='word_1_69' title='bbox 253 1538 340 1600; x_wconf 86' lang='lat' dir='ltr'>venit</span> <span class='ocrx_word' id='word_1_70' title='bbox 354 1537 504 1601; x_wconf 91' lang='lat' dir='ltr'>comitum</span> <span class='ocrx_word' id='word_1_71' title='bbox 520 1537 625 1601; x_wconf 90' lang='lat' dir='ltr'>Niobe</span> <span class='ocrx_word' id='word_1_72' title='bbox 640 1536 842 1602; x_wconf 86' lang='lat' dir='ltr'>celeberrima</span> <span class='ocrx_word' id='word_1_73' title='bbox 856 1537 958 1616; x_wconf 69' lang='lat' dir='ltr'>turbt,</span> 
     </span>
     <span class='ocr_line' id='line_1_13' title="bbox 104 1641 838 1726; baseline -0.001 -19"><span class='ocrx_word' id='word_1_74' title='bbox 104 1641 254 1707; x_wconf 80' lang='lat' dir='ltr'>Vestibus</span> <span class='ocrx_word' id='word_1_75' title='bbox 269 1642 389 1707; x_wconf 87' lang='lat' dir='ltr'>intexto</span> <span class='ocrx_word' id='word_1_76' title='bbox 404 1642 544 1726; x_wconf 80' lang='lat' dir='ltr'>Phrygiis</span> <span class='ocrx_word' id='word_1_77' title='bbox 559 1642 736 1726; x_wconf 87' lang='lat' dir='ltr'>spectabilis</span> <span class='ocrx_word' id='word_1_78' title='bbox 750 1664 838 1722; x_wconf 86' lang='lat' dir='ltr'>auro,</span> 
     </span>
     <span class='ocr_line' id='line_1_14' title="bbox 106 1747 1129 1831; baseline 0.001 -20"><span class='ocrx_word' id='word_1_79' title='bbox 106 1747 161 1826; x_wconf 91' lang='lat' dir='ltr'>Et,</span> <span class='ocrx_word' id='word_1_80' title='bbox 177 1749 327 1829; x_wconf 73' lang='lat' dir='ltr'>quantam</span> <span class='ocrx_word' id='word_1_81' title='bbox 343 1747 388 1811; x_wconf 86' lang='lat' dir='ltr'>ira</span> <span class='ocrx_word' id='word_1_82' title='bbox 403 1747 486 1825; x_wconf 87' lang='lat' dir='ltr'>sinit,</span> <span class='ocrx_word' id='word_1_83' title='bbox 503 1748 655 1813; x_wconf 79' lang='lat' dir='ltr'>formosa:</span> <span class='ocrx_word' id='word_1_84' title='bbox 680 1770 871 1831; x_wconf 81' lang='lat' dir='ltr'>movensque</span> <span class='ocrx_word' id='word_1_85' title='bbox 887 1750 1003 1813; x_wconf 86' lang='lat' dir='ltr'>decoro</span> <span class='ocrx_word' id='word_1_86' title='bbox 1084 1752 1129 1812; x_wconf 74' lang='lat'>20</span> 
     </span>
     <span class='ocr_line' id='line_1_15' title="bbox 105 1854 1051 1938; baseline 0.001 -21"><span class='ocrx_word' id='word_1_87' title='bbox 105 1856 189 1918; x_wconf 90' lang='lat' dir='ltr'>Cum</span> <span class='ocrx_word' id='word_1_88' title='bbox 205 1854 307 1937; x_wconf 86' lang='lat' dir='ltr'>capite</span> <span class='ocrx_word' id='word_1_89' title='bbox 322 1855 474 1918; x_wconf 89' lang='lat' dir='ltr'>immissos</span> <span class='ocrx_word' id='word_1_90' title='bbox 490 1856 655 1918; x_wconf 89' lang='lat' dir='ltr'>humerum</span> <span class='ocrx_word' id='word_1_91' title='bbox 670 1876 726 1937; x_wconf 89' lang='lat' dir='ltr'>per</span> <span class='ocrx_word' id='word_1_92' title='bbox 741 1866 907 1938; x_wconf 86' lang='lat' dir='ltr'>utrumque</span> <span class='ocrx_word' id='word_1_93' title='bbox 921 1856 1051 1938; x_wconf 76' lang='lat' dir='ltr'>capillos</span> 
     </span>
     <span class='ocr_line' id='line_1_16' title="bbox 106 1958 975 2041; baseline 0.001 -19"><span class='ocrx_word' id='word_1_94' title='bbox 106 1960 272 2038; x_wconf 84' lang='lat' dir='ltr'>Constitit3</span> <span class='ocrx_word' id='word_1_95' title='bbox 297 1969 393 2041; x_wconf 91' lang='lat' dir='ltr'>utque</span> <span class='ocrx_word' id='word_1_96' title='bbox 408 1960 517 2023; x_wconf 87' lang='lat' dir='ltr'>oculos</span> <span class='ocrx_word' id='word_1_97' title='bbox 532 1958 723 2023; x_wconf 85' lang='lat' dir='ltr'>circumtulit</span> <span class='ocrx_word' id='word_1_98' title='bbox 736 1959 800 2023; x_wconf 83' lang='lat' dir='ltr'>alta</span> <span class='ocrx_word' id='word_1_99' title='bbox 815 1961 975 2041; x_wconf 83' lang='lat' dir='ltr'>superbos,</span> 
     </span>
     <span class='ocr_line' id='line_1_17' title="bbox 108 2067 906 2151; baseline 0 -20"><span class='ocrx_word' id='word_1_100' title='bbox 108 2068 212 2138; x_wconf 76' lang='lat' dir='ltr'>&lt;Quis</span> <span class='ocrx_word' id='word_1_101' title='bbox 227 2068 311 2131; x_wconf 85' lang='lat' dir='ltr'>luror</span> <span class='ocrx_word' id='word_1_102' title='bbox 326 2067 472 2146; x_wconf 87' lang='lat' dir='ltr'>auditos,&#39;</span> <span class='ocrx_word' id='word_1_103' title='bbox 488 2067 598 2149; x_wconf 88' lang='lat' dir='ltr'>inquit,</span> <span class='ocrx_word' id='word_1_104' title='bbox 616 2076 818 2151; x_wconf 79' lang='lat' dir='ltr'>‘praeponere</span> <span class='ocrx_word' id='word_1_105' title='bbox 834 2067 906 2131; x_wconf 86' lang='lat' dir='ltr'>visis</span> 
     </span>
     <span class='ocr_line' id='line_1_18' title="bbox 106 2172 869 2255; baseline 0 -18"><span class='ocrx_word' id='word_1_106' title='bbox 106 2174 281 2237; x_wconf 88' lang='lat' dir='ltr'>Coelestes?</span> <span class='ocrx_word' id='word_1_107' title='bbox 304 2185 431 2238; x_wconf 86' lang='lat' dir='ltr'>auteur</span> <span class='ocrx_word' id='word_1_108' title='bbox 446 2172 556 2237; x_wconf 91' lang='lat' dir='ltr'>colitur</span> <span class='ocrx_word' id='word_1_109' title='bbox 571 2173 695 2236; x_wconf 87' lang='lat' dir='ltr'>Latona</span> <span class='ocrx_word' id='word_1_110' title='bbox 709 2194 765 2255; x_wconf 87' lang='lat' dir='ltr'>per</span> <span class='ocrx_word' id='word_1_111' title='bbox 779 2175 869 2237; x_wconf 82' lang='lat' dir='ltr'>aras?</span> 
     </span>
     <span class='ocr_line' id='line_1_19' title="bbox 106 2277 1126 2356; baseline 0 -15"><span class='ocrx_word' id='word_1_112' title='bbox 106 2278 234 2343; x_wconf 86' lang='lat' dir='ltr'>Numen</span> <span class='ocrx_word' id='word_1_113' title='bbox 244 2280 348 2343; x_wconf 88' lang='lat' dir='ltr'>adhuc</span> <span class='ocrx_word' id='word_1_114' title='bbox 360 2279 426 2342; x_wconf 90' lang='lat' dir='ltr'>sine</span> <span class='ocrx_word' id='word_1_115' title='bbox 435 2277 525 2341; x_wconf 92' lang='lat' dir='ltr'>thure</span> <span class='ocrx_word' id='word_1_116' title='bbox 536 2300 640 2341; x_wconf 91' lang='lat' dir='ltr'>meum</span> <span class='ocrx_word' id='word_1_117' title='bbox 650 2281 716 2342; x_wconf 82' lang='lat' dir='ltr'>est?</span> <span class='ocrx_word' id='word_1_118' title='bbox 754 2278 996 2344; x_wconf 83' lang='lat' dir='ltr'>MihiTantalus</span> <span class='ocrx_word' id='word_1_119' title='bbox 1007 2288 1126 2356; x_wconf 87' lang='lat' dir='ltr'>auctor,</span> 
     </span>
     <span class='ocr_line' id='line_1_20' title="bbox 105 2384 1126 2467; baseline 0 -21"><span class='ocrx_word' id='word_1_120' title='bbox 105 2384 166 2447; x_wconf 89' lang='lat' dir='ltr'>Cui</span> <span class='ocrx_word' id='word_1_121' title='bbox 181 2384 268 2448; x_wconf 88' lang='lat' dir='ltr'>licuit</span> <span class='ocrx_word' id='word_1_122' title='bbox 283 2384 339 2447; x_wconf 90' lang='lat' dir='ltr'>soli</span> <span class='ocrx_word' id='word_1_123' title='bbox 355 2404 535 2467; x_wconf 87' lang='lat' dir='ltr'>superorum</span> <span class='ocrx_word' id='word_1_124' title='bbox 552 2396 681 2467; x_wconf 86' lang='lat' dir='ltr'>tangere</span> <span class='ocrx_word' id='word_1_125' title='bbox 696 2405 830 2448; x_wconf 74' lang='lat' dir='ltr'>mensas,</span> <span class='ocrx_word' id='word_1_126' title='bbox 1082 2386 1126 2446; x_wconf 76' lang='lat'>26</span> 
     </span>
     <span class='ocr_line' id='line_1_21' title="bbox 105 2488 971 2571; baseline 0.001 -19"><span class='ocrx_word' id='word_1_127' title='bbox 105 2490 269 2553; x_wconf 87' lang='lat' dir='ltr'>Pleiadum</span> <span class='ocrx_word' id='word_1_128' title='bbox 284 2510 369 2553; x_wconf 87' lang='lat' dir='ltr'>soror</span> <span class='ocrx_word' id='word_1_129' title='bbox 384 2498 432 2551; x_wconf 92' lang='lat' dir='ltr'>est</span> <span class='ocrx_word' id='word_1_130' title='bbox 446 2489 580 2571; x_wconf 88' lang='lat' dir='ltr'>genitrix</span> <span class='ocrx_word' id='word_1_131' title='bbox 595 2490 689 2553; x_wconf 93' lang='lat' dir='ltr'>mihi:</span> <span class='ocrx_word' id='word_1_132' title='bbox 714 2490 866 2554; x_wconf 83' lang='lat' dir='ltr'>maximus</span> <span class='ocrx_word' id='word_1_133' title='bbox 881 2488 971 2553; x_wconf 87' lang='lat' dir='ltr'>Atlas</span> 
     </span>
     <span class='ocr_line' id='line_1_22' title="bbox 106 2593 899 2676; baseline 0 -19"><span class='ocrx_word' id='word_1_134' title='bbox 106 2594 263 2672; x_wconf 73' lang='lat' dir='ltr'>Pataros,</span> <span class='ocrx_word' id='word_1_135' title='bbox 279 2594 442 2658; x_wconf 71' lang='lat' dir='ltr'>aetherium</span> <span class='ocrx_word' id='word_1_136' title='bbox 458 2594 510 2676; x_wconf 93' lang='lat' dir='ltr'>qui</span> <span class='ocrx_word' id='word_1_137' title='bbox 528 2594 586 2657; x_wconf 85' lang='lat' dir='ltr'>fert</span> <span class='ocrx_word' id='word_1_138' title='bbox 602 2593 774 2658; x_wconf 86' lang='lat' dir='ltr'>cervicibus</span> <span class='ocrx_word' id='word_1_139' title='bbox 789 2614 899 2672; x_wconf 83' lang='lat' dir='ltr'>arem3</span> 
     </span>
     <span class='ocr_line' id='line_1_23' title="bbox 104 2698 906 2783; baseline -0.004 -19"><span class='ocrx_word' id='word_1_140' title='bbox 104 2698 226 2783; x_wconf 86' lang='lat' dir='ltr'>Jupiter</span> <span class='ocrx_word' id='word_1_141' title='bbox 241 2700 319 2764; x_wconf 89' lang='lat' dir='ltr'>alter</span> <span class='ocrx_word' id='word_1_142' title='bbox 333 2720 427 2763; x_wconf 87' lang='lat' dir='ltr'>avus:</span> <span class='ocrx_word' id='word_1_143' title='bbox 452 2720 560 2763; x_wconf 88' lang='lat' dir='ltr'>socero</span> <span class='ocrx_word' id='word_1_144' title='bbox 576 2699 701 2782; x_wconf 78' lang='lat' dir='ltr'>quoque</span> <span class='ocrx_word' id='word_1_145' title='bbox 715 2698 829 2782; x_wconf 88' lang='lat' dir='ltr'>glorior</span> <span class='ocrx_word' id='word_1_146' title='bbox 843 2698 906 2762; x_wconf 88' lang='lat' dir='ltr'>illo.</span> 
     </span>
     <span class='ocr_line' id='line_1_24' title="bbox 105 2802 1125 2889; baseline -0.001 -20"><span class='ocrx_word' id='word_1_147' title='bbox 105 2804 160 2869; x_wconf 86' lang='lat' dir='ltr'>Me</span> <span class='ocrx_word' id='word_1_148' title='bbox 175 2817 285 2889; x_wconf 83' lang='lat' dir='ltr'>gentes</span> <span class='ocrx_word' id='word_1_149' title='bbox 300 2815 445 2869; x_wconf 90' lang='lat' dir='ltr'>metuunt</span> <span class='ocrx_word' id='word_1_150' title='bbox 460 2804 621 2889; x_wconf 84' lang='lat' dir='ltr'>Phrygiae:</span> <span class='ocrx_word' id='word_1_151' title='bbox 647 2826 697 2867; x_wconf 89' lang='lat' dir='ltr'>me</span> <span class='ocrx_word' id='word_1_152' title='bbox 713 2803 798 2886; x_wconf 89' lang='lat' dir='ltr'>regia</span> <span class='ocrx_word' id='word_1_153' title='bbox 812 2802 924 2867; x_wconf 83' lang='lat' dir='ltr'>Cadmi</span> <span class='ocrx_word' id='word_1_154' title='bbox 1080 2806 1125 2868; x_wconf 82' lang='lat'>30</span> 
     </span>
     <span class='ocr_line' id='line_1_25' title="bbox 107 2908 985 2992; baseline -0.005 -16"><span class='ocrx_word' id='word_1_155' title='bbox 107 2910 173 2976; x_wconf 87' lang='lat' dir='ltr'>Sub</span> <span class='ocrx_word' id='word_1_156' title='bbox 189 2911 317 2975; x_wconf 69' lang='lat' dir='ltr'>domina</span> <span class='ocrx_word' id='word_1_157' title='bbox 331 2920 397 2987; x_wconf 91' lang='lat' dir='ltr'>est;</span> <span class='ocrx_word' id='word_1_158' title='bbox 421 2910 595 2992; x_wconf 85' lang='lat' dir='ltr'>fidibusque</span> <span class='ocrx_word' id='word_1_159' title='bbox 611 2910 673 2973; x_wconf 89' lang='lat' dir='ltr'>mei</span> <span class='ocrx_word' id='word_1_160' title='bbox 689 2908 854 2973; x_wconf 87' lang='lat' dir='ltr'>commissa</span> <span class='ocrx_word' id='word_1_161' title='bbox 868 2908 969 2972; x_wconf 90' lang='lat' dir='ltr'>mariti</span> <span class='ocrx_word' id='word_1_162' title='bbox 983 2979 985 2982; x_wconf 54' lang='grc'><strong>,</strong></span> 
     </span>
     <span class='ocr_line' id='line_1_26' title="bbox 106 3014 929 3099; baseline -0.004 -19"><span class='ocrx_word' id='word_1_163' title='bbox 106 3016 225 3081; x_wconf 88' lang='lat' dir='ltr'>Moenia</span> <span class='ocrx_word' id='word_1_164' title='bbox 240 3038 312 3079; x_wconf 87' lang='lat' dir='ltr'>cum</span> <span class='ocrx_word' id='word_1_165' title='bbox 328 3015 450 3099; x_wconf 92' lang='lat' dir='ltr'>populis</span> <span class='ocrx_word' id='word_1_166' title='bbox 465 3037 484 3078; x_wconf 89' lang='lat' dir='ltr'>a</span> <span class='ocrx_word' id='word_1_167' title='bbox 499 3034 611 3095; x_wconf 90' lang='lat' dir='ltr'>meque</span> <span class='ocrx_word' id='word_1_168' title='bbox 627 3014 754 3096; x_wconf 84' lang='lat' dir='ltr'>viroque</span> <span class='ocrx_word' id='word_1_169' title='bbox 770 3024 929 3095; x_wconf 85' lang='lat' dir='ltr'>reguntur.</span> 
     </span>
     <span class='ocr_line' id='line_1_27' title="bbox 106 3117 924 3205; baseline -0.009 -19"><span class='ocrx_word' id='word_1_170' title='bbox 106 3122 143 3186; x_wconf 91' lang='lat' dir='ltr'>In</span> <span class='ocrx_word' id='word_1_171' title='bbox 157 3141 374 3205; x_wconf 89' lang='lat' dir='ltr'>quamcunque</span> <span class='ocrx_word' id='word_1_172' title='bbox 390 3119 501 3183; x_wconf 81' lang='lat' dir='ltr'>domds</span> <span class='ocrx_word' id='word_1_173' title='bbox 516 3119 646 3181; x_wconf 88' lang='lat' dir='ltr'>adverto</span> <span class='ocrx_word' id='word_1_174' title='bbox 661 3117 778 3181; x_wconf 87' lang='lat' dir='ltr'>lumina</span> <span class='ocrx_word' id='word_1_175' title='bbox 793 3128 924 3199; x_wconf 91' lang='lat' dir='ltr'>partem,</span> 
     </span>
     <span class='ocr_line' id='line_1_28' title="bbox 106 3221 871 3307; baseline -0.009 -16"><span class='ocrx_word' id='word_1_176' title='bbox 106 3227 268 3291; x_wconf 81' lang='lat' dir='ltr'>hamensae</span> <span class='ocrx_word' id='word_1_177' title='bbox 284 3235 464 3307; x_wconf 88' lang='lat' dir='ltr'>spectantur</span> <span class='ocrx_word' id='word_1_178' title='bbox 479 3244 565 3305; x_wconf 88' lang='lat' dir='ltr'>opes.</span> <span class='ocrx_word' id='word_1_179' title='bbox 611 3222 745 3285; x_wconf 86' lang='lat' dir='ltr'>Accedit</span> <span class='ocrx_word' id='word_1_180' title='bbox 759 3221 871 3285; x_wconf 85' lang='lat' dir='ltr'>eddem</span> 
     </span>
     <span class='ocr_line' id='line_1_29' title="bbox 106 3326 1121 3414; baseline -0.008 -18"><span class='ocrx_word' id='word_1_181' title='bbox 106 3333 207 3414; x_wconf 90' lang='lat' dir='ltr'>Digna</span> <span class='ocrx_word' id='word_1_182' title='bbox 221 3332 290 3394; x_wconf 83' lang='lat' dir='ltr'>deae</span> <span class='ocrx_word' id='word_1_183' title='bbox 306 3329 411 3392; x_wconf 90' lang='lat' dir='ltr'>facies.</span> <span class='ocrx_word' id='word_1_184' title='bbox 457 3327 532 3391; x_wconf 89' lang='lat' dir='ltr'>Huc</span> <span class='ocrx_word' id='word_1_185' title='bbox 548 3336 637 3389; x_wconf 86' lang='lat' dir='ltr'>natas</span> <span class='ocrx_word' id='word_1_186' title='bbox 652 3326 752 3411; x_wconf 83' lang='lat' dir='ltr'>adjice</span> <span class='ocrx_word' id='word_1_187' title='bbox 768 3338 898 3409; x_wconf 86' lang='lat' dir='ltr'>septem,</span> <span class='ocrx_word' id='word_1_188' title='bbox 1077 3332 1121 3395; x_wconf 87' lang='lat'>35</span> 
     </span>
     <span class='ocr_line' id='line_1_30' title="bbox 107 3435 972 3519; baseline -0.003 -19"><span class='ocrx_word' id='word_1_189' title='bbox 107 3437 145 3500; x_wconf 88' lang='lat' dir='ltr'>Et</span> <span class='ocrx_word' id='word_1_190' title='bbox 159 3436 290 3500; x_wconf 92' lang='lat' dir='ltr'>totidem</span> <span class='ocrx_word' id='word_1_191' title='bbox 302 3435 443 3519; x_wconf 90' lang='lat' dir='ltr'>juvenes,</span> <span class='ocrx_word' id='word_1_192' title='bbox 460 3444 492 3495; x_wconf 94' lang='lat' dir='ltr'>et</span> <span class='ocrx_word' id='word_1_193' title='bbox 507 3452 579 3514; x_wconf 82' lang='lat' dir='ltr'>mox</span> <span class='ocrx_word' id='word_1_194' title='bbox 594 3452 787 3515; x_wconf 88' lang='lat' dir='ltr'>generosque</span> <span class='ocrx_word' id='word_1_195' title='bbox 804 3454 972 3516; x_wconf 89' lang='lat' dir='ltr'>nurusque.</span> 
     </span>
     <span class='ocr_line' id='line_1_31' title="bbox 108 3537 1032 3619; baseline -0.001 -15"><span class='ocrx_word' id='word_1_196' title='bbox 108 3541 244 3611; x_wconf 75' lang='lat' dir='ltr'>ouaerite</span> <span class='ocrx_word' id='word_1_197' title='bbox 261 3560 356 3617; x_wconf 87' lang='lat' dir='ltr'>nune,</span> <span class='ocrx_word' id='word_1_198' title='bbox 372 3537 486 3601; x_wconf 90' lang='lat' dir='ltr'>habeat</span> <span class='ocrx_word' id='word_1_199' title='bbox 500 3558 593 3619; x_wconf 90' lang='lat' dir='ltr'>quam</span> <span class='ocrx_word' id='word_1_200' title='bbox 609 3548 714 3599; x_wconf 87' lang='lat' dir='ltr'>nostra</span> <span class='ocrx_word' id='word_1_201' title='bbox 728 3537 873 3619; x_wconf 87' lang='lat' dir='ltr'>superbia</span> <span class='ocrx_word' id='word_1_202' title='bbox 887 3558 1032 3603; x_wconf 76' lang='lat' dir='ltr'>musam:</span> 
     </span>
     <span class='ocr_line' id='line_1_32' title="bbox 106 3640 858 3727; baseline -0.008 -17"><span class='ocrx_word' id='word_1_203' title='bbox 106 3645 219 3710; x_wconf 89' lang='lat' dir='ltr'>Nescio</span> <span class='ocrx_word' id='word_1_204' title='bbox 234 3664 356 3727; x_wconf 88' lang='lat' dir='ltr'>quoque</span> <span class='ocrx_word' id='word_1_205' title='bbox 372 3643 486 3705; x_wconf 88' lang='lat' dir='ltr'>audete</span> <span class='ocrx_word' id='word_1_206' title='bbox 502 3653 600 3705; x_wconf 86' lang='lat' dir='ltr'>satam</span> <span class='ocrx_word' id='word_1_207' title='bbox 616 3642 765 3706; x_wconf 86' lang='lat' dir='ltr'>Titanida</span> <span class='ocrx_word' id='word_1_208' title='bbox 779 3640 858 3704; x_wconf 87' lang='lat' dir='ltr'>Coeo</span> 
     </span>
     <span class='ocr_line' id='line_1_33' title="bbox 106 3744 922 3830; baseline -0.013 -13"><span class='ocrx_word' id='word_1_209' title='bbox 106 3750 255 3817; x_wconf 80' lang='lat' dir='ltr'>Latonam</span> <span class='ocrx_word' id='word_1_210' title='bbox 271 3746 414 3830; x_wconf 68' lang='lat' dir='ltr'>praeferre</span> <span class='ocrx_word' id='word_1_211' title='bbox 430 3745 525 3822; x_wconf 89' lang='lat' dir='ltr'>mihi;</span> <span class='ocrx_word' id='word_1_212' title='bbox 548 3745 598 3807; x_wconf 87' lang='lat' dir='ltr'>cui</span> <span class='ocrx_word' id='word_1_213' title='bbox 614 3744 749 3807; x_wconf 80' lang='lat' dir='ltr'>maxima</span> <span class='ocrx_word' id='word_1_214' title='bbox 763 3745 922 3825; x_wconf 90' lang='lat' dir='ltr'>quondam</span> 
     </span>
    </p>
   </div>
   <div class='ocr_carea' id='block_1_4' title="bbox 0 0 1296 4209">
    <p class='ocr_par' dir='ltr' id='par_1_10' title="bbox 0 0 1296 4209">
     <span class='ocr_line' id='line_1_34' title="bbox 0 0 1296 4209; baseline 0 0"><span class='ocrx_word' id='word_1_215' title='bbox 0 0 1296 4209; x_wconf 95' lang='lat' dir='ltr'> </span> 
     </span>
    </p>
   </div>
  </div>
 </body>
</html>
