2567 4209
551 298 649 347 BOOK
671 298 704 347 X.

108 462 176 526 Sic
190 461 251 529 ait:
277 464 326 527 ‘O
341 465 433 548 positi
448 467 506 530 sub
521 468 602 530 tend
616 468 745 532 numina
760 468 879 546 mundi,

111 569 158 631 In
176 591 270 652 quem
285 570 450 635 recidimus
465 572 615 654 quidquid
629 572 760 636 mortale
775 594 935 652 creamur;

110 674 155 737 si
172 674 255 752 licet,
271 686 313 753 et,
329 674 396 738 falsi
411 676 518 757 positis
532 676 714 759 ambagibus
728 677 800 755 oris,

111 779 203 842 Vera
217 778 298 861 loqui
315 779 431 858 sinitis3
455 802 518 843 non
534 780 607 858 huc,
622 792 657 843 ut
672 802 771 863 opaca
786 782 924 845 viderem
1093 785 1137 847 20

110 883 259 961 Tartara,
275 885 423 949 descendi
436 907 527 976 ;·nec
542 886 588 949 uti
604 885 710 949 villosa
726 885 860 951 colubris

110 988 224 1052 Terna
239 988 393 1053 Medusaei
408 990 556 1053 vincirem
570 1001 698 1072 guttura
712 991 851 1053 monstri.

111 1092 222 1156 Causa
237 1094 295 1155 vim
311 1095 435 1179 conjux,
451 1095 483 1158 in
498 1116 592 1177 quam
607 1095 728 1159 caleam
742 1116 899 1159 venenum

111 1196 233 1281 Vipera
244 1197 378 1276 diffudit,
393 1208 630 1281 crescentesque
645 1199 772 1263 abstth
786 1220 897 1265 annos.

111 1302 212 1365 Posse
226 1303 290 1385 pati
305 1302 398 1381 volui,
415 1325 476 1367 nec
489 1324 540 1366 me
556 1304 692 1366 tentasse
709 1304 841 1387 negabo.
1090 1308 1133 1369 25

111 1407 201 1470 Vicit
215 1407 323 1470 Amor.
370 1408 492 1490 Supera
507 1409 586 1471 deus
600 1407 652 1471 hic
666 1408 747 1473 bene
763 1418 854 1472 notus
870 1408 903 1471 iu
917 1408 973 1472 ord
986 1419 1045 1475 est.

112 1511 169 1575 An
183 1512 224 1575 sit
237 1521 270 1575 et
284 1512 346 1590 hic,
362 1512 488 1577 dubito:
512 1514 569 1577 sed
583 1524 617 1577 et
630 1513 682 1577 hic
698 1524 801 1576 tamen
817 1534 951 1605 auguror
965 1534 1043 1577 esse.

112 1617 273 1699 Famaque
288 1617 313 1680 si
328 1628 465 1681 veterem
480 1639 544 1681 nou
559 1629 608 1681 est
621 1618 752 1682 mentita
767 1618 917 1701 rapinam,

113 1722 180 1785 Vos
191 1722 314 1805 qudque
322 1723 424 1807 junxit
436 1722 543 1786 Amor.
589 1723 649 1786 Per
663 1744 723 1806 ego
734 1723 804 1786 haec
816 1722 884 1786 loca
900 1723 994 1806 plena
1005 1722 1131 1801 timoris,

114 1827 175 1890 Per
189 1827 291 1890 Chaos
306 1826 368 1890 hoc
381 1827 501 1910 ingens,
517 1828 656 1911 vastique
672 1828 794 1891 silentia
808 1828 905 1909 regni,
1087 1832 1132 1893 30

114 1932 295 2015 Eurydices,
311 1953 376 2010 oro,
392 1943 555 2014 properata
569 1932 699 1995 retexite
715 1932 776 1995 tila.

112 2036 229 2100 Omnia
243 2037 394 2101 debemur
409 2037 505 2114 vobis,
521 2036 708 2119 paulumque
722 2036 843 2113 morati,

114 2141 219 2205 Serids
233 2151 288 2205 aut
303 2142 392 2206 citilrs
407 2143 514 2206 sedem
529 2162 729 2223 properamus
744 2142 785 2205 ad
802 2162 906 2206 unam.

112 2246 286 2309 Tendimus
301 2246 363 2309 huc
377 2268 495 2324 omnes,
512 2246 581 2309 haec
595 2258 643 2309 est
659 2247 770 2309 domus
786 2246 912 2327 ultima;
936 2268 1052 2331 vosque

112 2350 252 2415 Humani
266 2351 388 2434 generis
402 2350 580 2433 longissima
594 2372 691 2434 regna
707 2353 828 2416 tenetis·
1085 2357 1129 2417 ³5

112 2455 195 2519 Haec
209 2455 344 2538 qudque,
359 2456 431 2518 crim
441 2457 542 2541 justos
556 2467 678 2519 matura
692 2457 845 2540 peregerit
860 2479 969 2536 annos,

112 2557 194 2622 Juris
209 2559 266 2623 erit
282 2560 383 2623 vestri.
429 2559 490 2623 Pro
504 2580 633 2622 munere
649 2561 804 2642 poscimus
820 2582 920 2625 usum.

114 2664 211 2733 Qudd
225 2666 252 2729 si
266 2666 329 2729 fata
344 2664 599 2747 negantveniam
614 2687 672 2747 pro
686 2666 830 2751 conjuge,
846 2676 968 2731 eertum
982 2677 1030 2731 est

114 2769 206 2833 Nolle
221 2771 320 2834 redire
334 2768 420 2833 mihi.
466 2770 548 2833 Leto
561 2771 697 2852 gaudete
712 2772 866 2835 duorum!

155 2874 245 2938 Talia
260 2875 427 2952 dicentem,
442 2885 614 2959 nervosque
629 2876 672 2939 ad
688 2876 780 2940 verba
795 2889 983 2958 moventem,
1084 2884 1129 2945 40

114 2980 293 3062 Exsangucs
308 2979 424 3042 flebant
438 2980 562 3043 animae.
609 2981 679 3044 Nec
694 2980 847 3046 Tantalus
862 2984 980 3047 undam

113 3083 256 3165 captavit
269 3082 420 3166 refugam,
435 3084 615 3166 stupuitque
630 3083 747 3147 Ixionis
762 3085 854 3149 orbis.

115 3187 182 3251 Nec
196 3189 338 3271 carpsere
349 3188 438 3272 jecur
453 3187 602 3265 volucres,
618 3189 766 3270 urumque
781 3190 932 3255 vacdrunt

115 3292 245 3370 Belides,
261 3293 354 3375 inque
370 3303 425 3357 tuo
441 3293 557 3370 sedisti,
574 3294 719 3377 Sisyphe,
735 3315 820 3359 saxo.

115 3397 195 3459 Tum
210 3396 342 3478 primum
356 3397 499 3481 lacrymis
513 3398 664 3462 victarum
679 3400 815 3464 carmine
830 3401 914 3467 suna
927 3414 976 3468 est
1083 3408 1127 3473 45

116 3500 322 3565 Eumenidum
337 3502 492 3585 maduisse
507 3523 621 3585 genas:
647 3525 706 3567 nec
721 3505 806 3588 regia
820 3507 971 3592 conjux&

117 3605 253 3670 Sustinet
267 3606 377 3685 oranti,
392 3626 454 3670 nec
466 3607 521 3689 qui
535 3607 614 3690 regit
628 3606 702 3687 une,
717 3629 849 3692 negare:
