2567 4209
518 311 615 361 noox
638 312 697 361 vn.
1071 318 1114 382 37

34 480 188 546 Forma
208 503 347 546 movere
362 485 486 565 potest?
509 483 592 547 certe
608 503 679 545 mea
695 492 821 564 pectora
835 481 949 545 movit:
1070 484 1114 547 25

39 584 98 648 At
114 587 197 649 nisi
217 609 322 669 opem
338 588 446 665 tulero,
462 597 620 650 taurorum
635 586 800 650 adflabitur
814 608 886 650 ore:

38 690 328 774 Concurretque
344 714 409 755 suae
424 692 531 775 segeti,
548 691 658 755 tellure
673 692 784 755 creatis

39 793 242 857 Hostibus
257 820 264 858 :
288 808 344 859 aut
358 798 450 860 avido
464 797 589 859 dabitur
604 796 669 858 fera
685 796 792 877 praeda
806 795 946 859 draconi.

43 897 137 961 Hoc
156 920 236 981 ego
256 900 282 962 si
298 901 405 982 patiar,
423 912 488 964 tum
504 922 554 963 me
570 901 610 963 de
627 900 737 982 tigride
753 912 869 977 natam,

47 1003 155 1066 Tum
175 1004 308 1066 ferrum
324 1015 356 1067 et
371 1005 515 1087 scopulos
529 1015 650 1087 gestare
665 1004 697 1067 in
714 1006 808 1067 eorde
823 1004 953 1067 fatebor.
1067 1007 1111 1069 30

49 1106 155 1189 Ergo
173 1129 254 1190 ego
268 1129 449 1190 germanam
465 1109 650 1191 fratremque
667 1119 847 1191 patremque
862 1109 1000 1192 deosque

54 1211 104 1273 Et
123 1213 251 1275 natale
270 1213 380 1291 solum,
397 1214 497 1276 ventis
511 1214 623 1291 ablata,
639 1214 832 1294 relinquam?

55 1314 207 1397 Nempe
227 1327 323 1397 pater
339 1338 450 1395 saevus,
467 1339 579 1399 nempe
595 1328 643 1379 est
657 1338 728 1379 mea
743 1317 873 1407 barbara
888 1316 988 1395 tellus,

59 1419 187 1482 Frater
204 1421 322 1485 adhue
337 1422 457 1486 infans:
481 1432 564 1485 stant
578 1443 703 1485 meeum
719 1432 791 1485 vota
806 1420 926 1485 sororis.

59 1522 129 1587 Per
147 1524 242 1588 freta
260 1525 356 1608 longa
370 1526 482 1589 trahar.
528 1526 615 1590 Nihil
630 1526 716 1589 illum
731 1526 875 1609 amplexa
890 1525 1035 1589 verebor:
1066 1528 1110 1589 35

63 1628 140 1691 Aut
156 1629 187 1691 si
206 1630 290 1711 quid
306 1641 454 1709 metuam,
470 1641 607 1695 metuam
622 1631 663 1695 de
678 1632 810 1716 conjuge
826 1631 902 1694 solo.

395 1898 463 1938 THE
486 1898 608 1938 Lanons
632 1898 672 1939 01·
695 1897 804 1940 JASON·

122 2048 264 2113 Postera
280 2048 443 2132 depulerat
457 2048 560 2112 stellas
577 2050 697 2112 Aurora
712 2018 880 2114 minantes:

76 2152 294 2218 Conveniunt
308 2154 415 2236 populi
430 2176 551 2217 sacrum
567 2153 718 2217 Mavortis
733 2153 765 2217 in
780 2174 899 2232 arvum,

75 2255 337 2340 Consistuntque
349 2259 441 2343 jugis.
486 2258 597 2321 Medio
612 2279 666 2321 rex
680 2258 747 2341 ipse
763 2258 878 2322 resedit

79 2359 224 2443 Agmine
242 2384 426 2447 purpureus,
442 2374 625 2445 sceptroque
640 2363 770 2446 insignis
785 2363 914 2428 eburno.
1066 2366 1110 2428 40

127 2466 216 2530 Ecce
233 2468 428 2531 adamanteis
444 2468 620 2531 Valeanum
635 2468 760 2532 naribus
774 2468 882 2531 efflant

84 2567 257 2653 AEripedes
273 2572 363 2649 tauri,
379 2581 533 2654 tactaeque
548 2571 713 2658 vaporibus
729 2571 832 2635 herbae

86 2673 222 2739 Ardent.
271 2676 376 2759 thue
391 2676 492 2740 solent
506 2676 589 2758 pleni
605 2696 749 2740 resonare
765 2675 888 2755 camini,

86 2776 153 2841 Aut
168 2780 223 2844 ubi
241 2783 366 2845 terreni
380 2781 479 2845 silices
494 2781 621 2845 fornace
636 2780 728 2844 soluti

88 2880 284 2967 Concipiunt
298 2886 403 2969 ignem
418 2886 604 2970 liquidarum
618 2886 803 2969 adspergine
818 2906 987 2969 aquarum3
1065 2886 1109 2949 45

88 2985 222 3053 Pectora
237 2990 283 3053 sie
298 2990 381 3053 intus
396 2989 515 3054 clausas
531 2990 687 3053 volventia
701 2990 851 3067 flammas,

92 3090 289 3177 Gutturaque
305 3106 375 3157 usta
390 3106 512 3159 sonant.
557 3095 681 3158 Tamen
697 3093 755 3157 illis
772 3092 889 3156 AEsone
904 3102 996 3157 natus

91 3194 211 3259 Obvius
226 3200 261 3261 it.
307 3200 436 3263 Vertere
452 3210 554 3263 truoes
570 3198 722 3260 venientis
737 3197 777 3260 ad
794 3218 848 3260 ora

94 3296 258 3365 Terribiles
274 3305 386 3381 vultus,
403 3304 590 3386 praefixaque
606 3323 723 3366 cornua
739 3302 829 3379 ferro,

94 3399 339 3490 Pulvereumque
354 3407 454 3471 solum
469 3410 549 3490 pede
566 3407 727 3490 pulsavere
743 3406 872 3485 bisulco,
1065 3410 1109 3473 50

98 3501 312 3593 Fumifieisque
328 3512 432 3575 locum
447 3512 616 3593 mugitibus
633 3510 811 3592 implevere.

97 3604 256 3694 Diriguere
270 3626 357 3678 metu
373 3614 501 3700 Minyae.
548 3616 642 3679 Subit
655 3614 717 3691 ille,
734 3636 793 3678 neo
808 3616 896 3697 ignes

102 3711 199 3780 Sentit
212 3719 382 3797 anhelatos,
401 3720 536 3808 (tantum
551 3719 760 3789 medicamina
775 3717 919 3805 possunt)
