2567 4209
563 310 662 359 BOOK
685 311 718 358 V.

158 479 251 543 Tum
266 478 339 542 veri)
355 478 522 543 indomitas
538 480 673 543 ardescit
688 480 800 563 vulgus
813 481 845 544 in
861 480 933 559 iras,

102 582 263 666 Telaque
279 584 466 669 conjiciunt:
491 596 523 647 et
539 595 621 663 sunt,
637 586 691 668 qui
706 585 837 669 Cephea
851 585 961 651 dieant

104 688 203 751 Cum
218 710 335 771 genero
351 689 465 753 debere
481 690 568 753 mori.
616 692 682 754 Sed
698 691 804 755 limine
820 691 895 755 teeti

107 792 248 857 Exierat
263 793 419 877 Cepheus,
437 805 566 858 testatus
577 796 691 880 jusque
707 797 865 878 fidemque

108 894 320 981 Hospitiique
335 899 412 962 deos
428 921 476 977 ea,
492 922 526 963 se
542 901 737 983 prohibente,
753 902 881 965 moveri.
1099 906 1145 980 45

162 1002 282 1066 Bellica
297 1004 398 1067 Pallas
414 1006 513 1083 adest,
529 1016 563 1067 et
577 1006 712 1089 protegit
727 1007 829 1088 aegide
843 1006 981 1084 fratrem,

108 1106 245 1190 Datque
260 1108 391 1173 animos.
438 1109 514 1173 Erat
529 1110 627 1174 Indus
643 1110 746 1188 Athis,
761 1132 856 1193 quem
872 1112 1001 1176 flumine
1018 1110 1132 1195 Gange

110 1211 214 1276 Edita
229 1212 374 1277 Limnate
390 1214 494 1277 vitreis
510 1216 667 1298 peperisse
683 1216 742 1279 sub
756 1216 854 1280 antris

110 1316 275 1395 Creditur,
291 1319 433 1400 egregius
450 1319 566 1383 forma:
591 1342 686 1402 quam
701 1321 797 1384 divite
813 1319 900 1384 cultu

114 1421 276 1506 Augebat,
292 1423 339 1487 bis
355 1425 460 1489 adhuc
475 1427 596 1489 octonis
611 1427 733 1509 integer
747 1427 848 1504 annis,
1097 1430 1143 1498 50

113 1529 251 1592 Indutus
268 1529 465 1613 chlamydem
481 1531 618 1613 Tyriam,
635 1553 728 1613 quam
744 1530 857 1595 limbus
872 1531 980 1598 obibat

112 1632 263 1697 Aureus:
289 1635 443 1699 ornabant
456 1646 564 1699 aurata
579 1637 707 1700 monilia
721 1636 848 1715 collum,

114 1739 160 1802 Et
175 1740 319 1803 madidos
334 1740 460 1822 myrrhh
474 1762 604 1813 curvum
620 1742 736 1805 crinale
751 1742 892 1825 capillos.

112 1843 173 1907 llle
189 1846 315 1927 quidem
327 1845 432 1930 jaculo
447 1846 587 1928 quamvis
602 1846 750 1910 distantia
764 1848 858 1911 misso

115 1948 228 2031 Figere
244 1952 356 2014 doctus
371 1959 456 2028 erat3
481 1951 536 2013 sed
554 1952 684 2013 tendere
699 1951 821 2015 doctior
835 1972 936 2015 arcus.
1096 1954 1140 2017 55

116 2055 202 2117 Tum
218 2076 341 2137 quoque
357 2055 443 2118 lenta
458 2076 553 2118 manu
569 2056 749 2118 flectentem
764 2076 883 2119 cornua
897 2056 1029 2119 Perseus

116 2160 241 2242 Stipite,
258 2161 310 2242 qui
326 2160 432 2223 medie
446 2160 564 2241 positus
580 2159 722 2223 fumabat
736 2160 768 2223 in
784 2160 848 2239 ard,

115 2264 262 2342 Perculit,
278 2273 310 2327 et
325 2264 430 2327 fractis
445 2264 589 2329 confudit
603 2265 636 2327 in
652 2266 772 2329 ossibus
787 2287 851 2329 ora.

161 2369 259 2433 Hunc
274 2369 326 2431 ubi
342 2368 484 2433 laudatos
496 2370 667 2453 jactantem
682 2371 715 2433 in
731 2372 883 2453 sanguine
898 2370 1002 2445 vultus

117 2473 261 2558 Assyrius
277 2474 355 2538 vidit
369 2474 522 2557 Lycabas,
534 2475 748 2558 junctissimus
764 2476 807 2539 illi
1092 2480 1138 2546 60

118 2579 160 2642 Et
174 2600 288 2656 comes,
304 2589 337 2642 et
351 2579 416 2642 veri
431 2600 495 2641 non
511 2579 719 2643 dissimulator
732 2582 847 2644 amoris
859 2603 867 2657 3

118 2684 284 2767 Postquam
300 2683 497 2747 exhalantem
514 2684 571 2747 sub
585 2685 702 2748 acerbo
716 2685 843 2749 vulnere
859 2686 954 2751 vitam

117 2788 296 2872 Deploravit
310 2788 419 2866 Athin,
435 2810 513 2871 quos
528 2789 579 2853 ille
595 2792 772 2856 tetenderat
786 2812 876 2854 arcus

118 2894 248 2978 Adripit,
264 2905 307 2972 et,
324 2894 472 2959 ‘Mecum
487 2895 543 2957 tibi
558 2895 620 2959 siut
635 2897 824 2974 certamina‚'
841 2896 938 2961 dixit:

120 3000 205 3063 ‘Nec
218 2999 345 3082 longiuu
361 2999 449 3082 pueri
465 2998 529 3063 fato
546 3000 711 3078 letabere3
736 3022 800 3083 quo
814 3001 884 3084 plus
1091 3004 1135 3071 65

120 3105 243 3169 Invidiae
259 3106 354 3187 quim
369 3103 470 3167 laudis
486 3104 603 3167 habes!
652 3104 733 3167 Haec
747 3104 853 3168 omnia
867 3104 1009 3169 nondum

120 3208 258 3273 Dixerat:
284 3208 413 3273 emicuit
428 3230 524 3271 nervo
539 3207 730 3289 penetrabile
746 3206 854 3285 telum,

120 3312 325 3395 Vitatumque,
342 3324 447 3377 tamen
464 3313 590 3376 sinuosi
604 3322 690 3375 veste
706 3313 867 3395 pependit.

120 3419 213 3484 Vertit
228 3418 261 3481 in
276 3417 362 3482 hunc
377 3418 495 3499 harpen
511 3428 685 3499 spectatam
700 3419 788 3483 eaede
804 3418 948 3485 Medusae

122 3522 354 3600 Acrisioniades,
370 3522 529 3605 adigitque
545 3522 578 3585 in
594 3533 714 3604 pectus.
760 3523 805 3587 At
819 3524 870 3588 ille
1089 3529 1134 3590 'tu

120 3627 183 3693 lam
196 3626 341 3705 moriens,
358 3627 456 3691 oculis
471 3626 529 3690 sub
545 3636 637 3691 nocte
653 3627 833 3693 natantibus
847 3630 915 3694 atrd
