2567 4209
521 319 617 369 soor<
641 320 716 370 xnr.
1065 325 1127 385 135

80 489 267 573 Pergama.
314 489 403 558 Quid
418 488 543 553 dubitas
557 489 717 572 ingentem
733 498 870 553 evertere
887 490 1014 575 Trojam
1024 489 1056 554 i'

80 596 263 680 Injecique
279 617 417 673 manum,
434 595 607 677 fortemque
622 596 663 658 ad
680 593 771 658 sortia
785 594 864 657 misi.
1064 599 1127 661 170

82 700 185 784 Ergo
201 722 296 782 opera
311 700 391 763 illius
406 721 477 762 mea
491 710 573 763 sunt.
621 699 690 783 Ego
705 699 870 783 Telephon
887 700 978 763 hasti

81 808 297 890 Pugnantcm
314 806 440 870 domui:
467 806 582 870 victum
597 816 801 890 orantemque
818 806 923 870 refeci.

141 912 244 981 Quod
260 912 380 975 Thebae
396 912 548 989 cecidere,
565 932 670 974 meum
686 923 752 988 est;
776 933 826 975 me
843 912 960 975 credite
976 911 1115 991 Lesbon,

84 1018 152 1081 Me
171 1018 338 1095 Tenedon,
354 1016 567 1101 Chrysenque,
583 1028 616 1079 et
630 1016 752 1100 Cyllan,
769 1016 922 1099 Apollinis
939 1017 1041 1095 urbes,

86 1122 138 1185 Et
156 1124 259 1207 Syron
277 1123 413 1205 cepisse:
439 1123 510 1185 mei
524 1142 676 1186 concussa
693 1132 800 1204 putate
1061 1126 1124 1187 175

85 1228 306 1291 Procubuisse
321 1227 387 1291 solo
403 1228 553 1311 Lyrnesia
569 1227 685 1291 moenia
700 1228 821 1291 dextri.

87 1332 207 1415 thue
222 1332 298 1396 alios
313 1344 445 1410 taceam,
461 1333 514 1415 qui
530 1354 648 1395 urum
665 1334 793 1415 perdere
809 1342 913 1415 posset

88 1438 249 1516 Hectora,
266 1459 380 1520 nempe
397 1438 488 1501 dedi:
513 1458 569 1520 per
583 1459 633 1500 me
646 1438 730 1523 jacet
746 1437 880 1521 inclytus
895 1438 1026 1503 Hector.

90 1542 162 1607 Illis
178 1544 247 1607 haec
261 1543 364 1621 armis,
380 1543 492 1625 quibus
507 1553 554 1607 est
570 1544 713 1606 inventus
731 1542 878 1621 Achilles,

92 1650 198 1713 Arma
212 1661 303 1732 peto:
329 1649 399 1711 vivo
414 1649 572 1726 dederam,
589 1660 660 1732 post
675 1649 740 1713 lata
755 1670 895 1732 reposce.
1059 1651 1123 1715 180

142 1754 189 1818 Ut
204 1755 292 1818 dolor
307 1754 399 1817 unius
414 1754 541 1818 Danaos
556 1755 698 1838 pervenit
713 1757 753 1819 ad
770 1776 890 1833 omnes,

95 1860 277 1943 Aulidaque
293 1859 467 1923 Euboicam
482 1860 680 1941 complerunt
695 1859 778 1923 mille
794 1861 928 1938 carinam

97 1966 289 2048 Exspectata
304 1966 369 2044 diu,
386 1965 480 2043 nulla,
496 1978 551 2027 aut
566 1965 721 2028 contraria
736 1964 835 2043 classi,

97 2071 242 2157 Flamina
258 2082 347 2134 sunt:
373 2071 522 2153 duraeque
534 2070 648 2156 jubent
664 2070 902 2152 Agamemnona
917 2081 1016 2135 sortes

98 2178 289 2240 Immeritam
306 2197 397 2238 saevae
413 2186 518 2239 nutam
534 2186 671 2239 mactare
687 2175 809 2239 Dianae.
1060 2180 1122 2241 185

99 2282 246 2364 Denegat
261 2282 321 2344 hoc
335 2282 467 2363 genitor,
483 2282 623 2363 divisque
640 2282 780 2345 irascitur
795 2281 886 2365 ipsis:

102 2388 206 2469 Atque
223 2388 254 2449 in
270 2408 341 2470 rege
359 2398 462 2450 tamen
479 2396 567 2469 pater
582 2398 639 2449 est.
687 2386 755 2469 Ego
770 2388 845 2451 mite
862 2388 999 2470 parentis

102 2492 265 2574 ingenium
282 2491 382 2553 verbis
397 2493 436 2554 ad
453 2492 578 2573 publica
593 2494 760 2555 commoda
775 2494 862 2555 verti.

105 2595 197 2659 Nunc
212 2596 358 2677 equidem
374 2596 482 2672 fateor,
499 2595 641 2677 fassoque
658 2597 798 2678 ignoscat
814 2597 955 2675 Atrides3

105 2700 269 2764 Difficilem
285 2701 370 2763 tenui
387 2699 444 2762 sub
460 2700 566 2782 iniquo
577 2700 685 2784 judice
701 2722 838 2763 causam.
1060 2706 1122 2766 190

105 2806 197 2869 Hune
213 2818 318 2869 tamen
333 2806 449 2868 utilitas
464 2805 582 2887 populi,
599 2804 766 2887 fraterque,
782 2804 909 2887 datique

108 2914 234 2976 Summa
248 2921 353 2973 movet
368 2909 491 2993 sceptri,
507 2909 632 2974 laudem
648 2921 683 2972 ut
699 2932 770 2973 cum
787 2910 939 2993 sanguine
955 2921 1076 2993 penset.

106 3016 211 3081 Mittor
226 3017 313 3079 etad
330 3026 469 3092 matrem,
486 3033 556 3098 quae
573 3037 635 3078 non
653 3015 815 3094 hortanda,
833 3016 888 3079 sed
904 3026 973 3078 astu

106 3121 296 3205 Decipienda
312 3121 380 3184 suit.
427 3121 503 3191 Quo
518 3120 544 3181 si
559 3118 762 3183 Telamonius
777 3119 862 3197 isset,

107 3225 189 3289 Orba
202 3226 264 3288 suis
279 3234 384 3287 essent
399 3224 569 3287 etiamnum
587 3223 683 3285 lintea
699 3222 809 3286 ventis.
1059 3228 1122 3289 195

150 3330 253 3393 Mittor
268 3342 300 3393 et
316 3329 425 3393 Iliacas
440 3330 542 3392 audax
558 3339 661 3391 orator
676 3330 717 3392 ad
733 3349 838 3393 arces:

109 3436 236 3518 Visaque
252 3446 284 3498 et
298 3435 412 3498 intrata
426 3444 475 3497 est
489 3434 559 3497 altae
575 3434 650 3497 mihi
667 3434 753 3497 curia
768 3435 882 3521 Trojae.

109 3540 257 3623 Plenaque
272 3540 377 3603 adhuc
392 3550 458 3602 erat
473 3538 526 3602 illa
541 3539 621 3602 viris.
669 3540 829 3603 Interritus
845 3540 905 3621 egi,

111 3645 207 3715 Quam
223 3645 299 3709 mihi
314 3645 477 3708 manddrat
492 3642 667 3707 communis
683 3643 817 3720 Graecia,
833 3664 977 3705 eausam:

111 3750 286 3834 Accusoque
302 3748 406 3827 Parin,
422 3748 634 3831 praedamque,
651 3746 869 3827 Helenamque
884 3762 1034 3824 reposco:
1056 3744 1122 3801 200
