2567 4209
153 305 198 367 60
431 297 551 347 ovme
574 288 907 345 narnuoannosns.

154 468 252 533 Nuda
267 490 363 533 manu
380 467 493 532 seriens
509 466 665 531 exclamat
680 472 809 547 pectora
824 457 951 542 conjux,
1136 450 1204 509 25⁰

155 574 306 652 ‘Cadme‚
322 596 432 639 mane:
457 586 551 657 teque
566 572 624 650 his,
641 569 759 646 infelix,
775 586 856 629 exue
872 558 1035 624 monstris.

153 678 285 758 Cadme,
309 679 493 763 quidhoc?
525 677 578 740 ubi
602 678 681 759 pes?
712 673 768 736 ubi
791 680 865 734 sunt
888 662 1082 745 humerique
1105 680 1183 722 ma-

332 786 476 867 nosque?

155 890 196 953 Et
211 889 306 968 color,
323 900 355 953 et
370 889 476 966 facies,
493 898 535 965 et,
551 888 628 951 dum
643 885 765 967 loquor,
781 880 910 967 omnia?
958 874 1027 936 Cur
1043 891 1118 933 non

155 992 210 1056 Me
227 1015 362 1077 quoque,
379 994 531 1071 coelestes,
548 993 580 1056 in
596 992 732 1055 eandem
749 986 867 1050 vertitis
882 976 1072 1065 anguem?'

154 1098 294 1161 Dixerat.
341 1098 397 1162 Ille
413 1119 478 1161 suae
494 1096 654 1160 lambebat
669 1092 813 1179 conjugis
830 1111 903 1167 ora3
1136 1080 1206 1142 255

154 1203 254 1284 Inque
270 1203 356 1266 sinus
371 1224 470 1280 caros,
487 1200 583 1264 veluti
598 1205 814 1282 cognosceret,
831 1194 916 1270 ibat3

155 1308 196 1371 Et
212 1307 309 1371 dabat
322 1307 503 1390 amplexus3
526 1307 720 1386 adsuetaque
737 1301 818 1366 colla
833 1298 972 1383 petebat.

155 1412 308 1494 Quisquis
323 1413 412 1476 adest
430 1411 576 1499 (aderant
591 1406 738 1493 comites)
756 1416 898 1469 terretur.
944 1401 991 1464 At
1007 1398 1066 1463 illa

155 1516 292 1581 Lubrica
307 1514 481 1597 permulcet
496 1514 612 1577 cristati
628 1513 711 1577 colla
725 1510 882 1587 draconis,

156 1620 197 1683 Et
213 1619 314 1681 subito
331 1620 395 1681 duo
410 1627 501 1693 sunt3
522 1618 696 1705 junctoque
713 1614 873 1678 volumine
890 1620 1044 1694 serpunt3
1136 1610 1205 1670 ’260

155 1725 267 1787 Donec
282 1723 313 1785 in
329 1721 463 1804 appositi
478 1722 614 1784 nemoris
630 1721 754 1784 subiere
771 1719 915 1783 latebras.

156 1828 188 1892 N
190 1848 253 1889 unc
268 1846 391 1909 quoque
408 1847 468 1889 nec
484 1825 609 1908 fugiunt
624 1824 796 1903 hominem,
813 1845 875 1887 nec
890 1821 1021 1885 vulnere
1038 1819 1193 1882 laedunt:

155 1931 307 2014 Quidque
322 1931 405 2015 priris
422 1930 546 2007 fuerint,
562 1930 679 2012 placidi
693 1930 868 1992 meminere
884 1928 1054 1990 dracones.

354 2180 455 2221 Annas
480 2178 635 2221 omnem)
661 2178 739 2219 INTO
763 2180 784 2220 Δ
806 2177 989 2220 nouarum.

602 2350 630 2391 v.
655 2332 732 2391 620.

200 2470 279 2532 Inde
296 2489 351 2550 per
367 2468 553 2531 immensum
570 2470 671 2531 ventis
686 2470 884 2533 discordibus
899 2480 1003 2547 actus,

157 2574 189 2636 N
191 2594 254 2637 unc
269 2573 341 2650 huo,
357 2594 442 2636 nune
457 2572 540 2650 illuc,
557 2573 704 2655 exemplo
719 2574 813 2637 nubis
828 2596 969 2657 aquosae,
1133 2578 1200 2639 265

157 2678 277 2755 Fertur,
293 2686 381 2739 etex
396 2676 461 2740 alto
477 2677 622 2739 seductas
638 2677 756 2739 aethere
772 2678 867 2761 long'e

158 2781 329 2861 Despectat
343 2789 449 2855 terras,
466 2789 628 2861 totumque
644 2782 823 2863 supervolat
838 2783 959 2847 orbem.

157 2885 222 2947 Ter
236 2882 354 2965 gelidas
371 2883 493 2959 Arctoe,
510 2893 557 2946 ter
571 2884 685 2948 Cancri
700 2886 828 2949 brachia
843 2888 941 2952 vidit:

159 2988 253 3068 Saepe
269 2986 326 3048 sub
342 3007 480 3063 occasus,
497 3007 581 3068 saepe
596 2998 644 3051 est
659 2989 782 3053 ablatus
797 2990 831 3053 in
846 3002 944 3055 ortus.

158 3091 290 3174 Jamque
307 3093 439 3155 cadente
456 3091 517 3168 die,
535 3092 649 3154 veritus
664 3114 698 3155 se
714 3095 843 3158 credere
859 3098 958 3175 nocti,
1129 3105 1193 3164 270
1271 3087 1272 3126 ³

158 3196 306 3258 Constitit
321 3195 486 3279 Hesperie,
502 3196 605 3277 regnis
621 3196 768 3276 Atlantis,
785 3200 818 3262 in
833 3201 929 3279 orbe3

160 3298 375 3379 Exiguamque
391 3300 469 3380 petit
484 3299 632 3379 requiem,
650 3299 726 3363 dum
742 3304 870 3367 Lucifer
885 3306 975 3387 ignes

161 3402 280 3466 Evocet
296 3398 437 3479 Aurorae,
453 3422 560 3464 currus
575 3400 697 3465 Aurora
712 3406 850 3471 diurnos.

204 3503 268 3567 Hic
283 3501 442 3567 hominurn
460 3514 589 3567 cunctos
604 3505 725 3586 ingenti
740 3531 870 3592 corpore
886 3524 1041 3595 praestans

161 3606 374 3692 Japetionides
390 3608 480 3671 Atlas
497 3608 564 3669 suit.
611 3608 730 3674 Ultima
745 3614 836 3676 tellus
1123 3625 1187 3686 275
