2567 4209
529 734 831 807 EXTRACTS

605 944 678 983 1110!
694 944 750 984 ΤΗΙ

450 1126 912 1219 HEROIDES.

345 1671 483 1715 mma!
508 1674 549 1717 01
575 1674 739 1719 »casnm
761 1672 804 1717 TO
830 1672 1018 1725 HRBGUIAES·

167 1857 353 1927 (sarracon
367 1860 547 1933 OEachaliam
562 1861 659 1927 titulis
673 1862 824 1929 accedere
840 1860 965 1927 vestris:

213 1967 372 2034 Victorem
388 1968 479 2040 victae
494 1968 694 2033 succubuisse
710 1988 831 2049 querar.

168 2070 267 2135 Fama
281 2071 480 2157 Pelasgiadas
494 2073 595 2137 subitis
611 2072 754 2155 pervenit
769 2072 801 2141 in
817 2071 910 2144 urbes

212 2175 358 2255 Decolor,
373 2187 406 2240 et
421 2177 510 2241 factis
525 2177 693 2241 inficianda
707 2178 788 2241 tuis:

168 2279 276 2349 Quem
291 2302 452 2365 nunquam
467 2279 561 2360 Iuno,
577 2282 734 2364 seriesque
749 2282 901 2345 immensa
915 2280 1063 2345 laborum
1176 2283 1195 2345 5

211 2383 360 2467 Fregerit‚
377 2385 451 2448 huie
466 2385 553 2449 Iolen
570 2386 753 2469 imposuisse
764 2386 885 2470 jugum.

122 2475 125 2479 ι
167 2488 242 2554 Plus
256 2489 322 2567 tibi,
337 2488 541 2574 quamdam,
557 2491 666 2554 nocuit
680 2490 799 2553 Venus.
846 2489 903 2553 lila
918 2492 1097 2573 premendo

212 2594 364 2674 Sustulit3
387 2596 458 2660 haec
472 2596 581 2659 humili
596 2596 654 2658 sub
669 2596 752 2679 pede
767 2595 848 2659 colla
863 2603 959 2657 tenet.

166 2699 303 2783 Respice
318 2700 492 2765 vindicibus
508 2710 654 2784 pacatum
671 2700 784 2763 viribus
800 2698 917 2777 orbem,
1269 2728 1270 2803 p

210 2805 288 2875 Qut
302 2804 396 2868 latam
412 2805 534 2868 Nereus
550 2804 685 2869 coeruius
700 2806 798 2868 ambit
813 2805 953 2868 humum.
1154 2810 1192 2868 10
1269 2862 1270 2875 2

166 2912 210 2976 Se
226 2910 282 2974 tibi
298 2930 359 2994 pax
373 2919 474 2987 terrae,
491 2910 546 2972 tibi
562 2931 595 2973 se
611 2920 680 2973 tuta
693 2932 820 2992 aequora
835 2909 970 2973 debent:
1269 2898 1270 2911 ¹

209 3014 349 3099 Implesti
364 3014 482 3078 meritis
498 3014 579 3079 Solis
595 3024 758 3097 utramque
775 3015 915 3077 domum.

165 3121 264 3192 Quod
278 3131 311 3185 te
325 3120 460 3186 laturum
475 3130 532 3198 est,
549 3119 664 3183 coelurn
680 3119 762 3201 prior
778 3119 843 3201 ipse
860 3116 972 3181 tulisti:

208 3225 346 3290 Hercule
361 3226 523 3308 supposito
537 3225 639 3289 sidera
654 3223 738 3288 fulsit
753 3223 854 3287 Atlas.

163 3329 253 3400 Quid
268 3330 327 3393 nisi
342 3329 454 3392 notitia
468 3339 516 3391 est
530 3328 643 3391 misero
659 3327 790 3410 quaesita
805 3327 927 3410 pudori,
1148 3330 1186 3391 15

208 3433 245 3496 si
259 3431 398 3495 maculas
413 3432 495 3513 turpi
510 3432 593 3493 sacta
608 3432 710 3512 priore
726 3432 823 3494 notd?
1269 3422 1270 3427 ¹

163 3535 254 3599 Tene
269 3533 374 3597 ferunt
388 3534 530 3615 geminos
545 3536 691 3616 pressisse
708 3535 859 3598 tenaciter
873 3555 1004 3617 angues,

205 3634 287 3700 cum
302 3646 391 3700 tener
405 3636 438 3698 in
454 3636 543 3699 cunis
554 3637 620 3719 jam
634 3635 713 3699 Jove
729 3638 843 3719 dignus
859 3641 950 3702 eras?

160 3738 293 3822 Crepisti
306 3737 416 3802 melitis
431 3740 525 3819 quim
540 3738 675 3802 desinis:
699 3739 809 3802 ultima
823 3740 931 3822 primis
