2567 4209
505 337 603 386 BOOK
626 335 699 386 VIII.

85 504 177 570 Inde
193 507 266 572 foco
281 508 421 590 tepidum
436 509 573 571 cinerem
589 506 728 583 dimovit,
744 515 776 568 et
791 504 879 587 ignes

89 611 237 675 Suscitat
252 612 421 689 hesternos,
437 612 577 694 foliisque
594 621 626 674 et
641 610 754 674 cortice
770 610 853 672 sicco

90 716 127 777 N
128 716 216 793 utrit,
232 728 265 780 et
279 718 319 780 ad
335 718 473 782 flammas
487 716 592 780 anime
607 715 751 798 producit
765 713 855 777 anili:

90 818 334 904 Multifidasque
349 822 443 899 facee,
459 820 647 903 ramaliaque
663 820 749 883 arida
764 829 849 882 tecto

89 924 228 1002 Detulit,
244 936 277 989 et
291 927 411 1003 minuit,
428 947 583 1008 parvoque
599 925 738 988 admovit
752 924 864 987 aheno.

91 1029 259 1112 Quodque
275 1042 348 1093 suus
363 1031 476 1115 conjux
492 1031 581 1113 riguo
596 1029 762 1111 collegerat
777 1028 875 1105 horto,

89 1134 239 1197 Truncat
254 1134 322 1197 olus
337 1134 426 1198 loliis.
473 1135 575 1199 Furcd
589 1134 671 1198 levat
687 1134 737 1197 ille
753 1133 871 1197 bicorni

92 1238 234 1302 Sordida
248 1249 335 1321 terga
350 1241 422 1317 suis,
439 1241 529 1323 nigro
542 1239 712 1321 pendentia
728 1239 831 1321 tigno:

93 1343 291 1425 Servatoque
307 1345 362 1407 diu
377 1354 497 1407 resecat
511 1344 551 1407 de
567 1354 688 1425 tergore
704 1353 823 1425 partem

92 1446 263 1529 Exiguam,
279 1459 458 1531 sectamque
473 1449 581 1512 domat
596 1448 786 1511 ferventibus
802 1447 903 1512 undis.

141 1552 265 1616 Interea
280 1554 398 1616 medias
413 1553 523 1617 fallunt
538 1552 731 1617 sermonibus
746 1553 846 1631 horas,

94 1658 276 1741 Sentirique
290 1680 408 1721 moram
424 1658 597 1741 prohibent.
644 1658 719 1722 Erat
734 1658 839 1722 alveus
855 1658 918 1723 illic
1024 1700 1031 1709 ·
1054 1664 1117 1723 110

94 1762 263 1845 Fagineus,
280 1764 374 1827 curvd
389 1762 477 1827 olavo
492 1785 660 1847 suspensus
675 1763 715 1827 ab
731 1764 824 1827 ansb:

93 1868 128 1931 Is
145 1868 256 1950 tepidis
271 1868 415 1949 impletur
430 1869 527 1950 aquis,
543 1880 689 1950 artusque
707 1868 856 1931 fovendos
922 1911 927 1921 ·

96 1973 233 2054 Accipit.
278 1976 316 2037 ln
332 1974 437 2035 medio
451 1983 535 2036 torus
550 1981 597 2035 est
612 1973 653 2035 de
669 1971 812 2034 mollibus
827 1971 906 2034 ulvis

96 2076 263 2157 impositus
278 2076 370 2154 lecto,
386 2077 507 2159 spondd
522 2076 714 2159 pedibusque
731 2075 865 2159 salignis.

97 2181 243 2245 Vestibus
259 2182 342 2245 hunc
359 2182 473 2260 velant,
489 2203 566 2264 quas
582 2203 645 2245 non
661 2181 720 2244 nisi
736 2191 873 2263 tempore
890 2182 969 2245 sesto
1055 2186 1116 2245 115

98 2288 244 2350 Sternere
259 2287 465 2364 consudrant3
489 2288 544 2350 sed
560 2297 593 2350 et
609 2287 679 2350 haec
696 2286 820 2369 vilisque
836 2298 987 2370 vetusque

99 2391 201 2455 Vestis
215 2402 290 2469 erat,
306 2392 388 2455 lecto
404 2414 467 2455 non
483 2392 677 2474 indignanda
692 2391 820 2474 saligno.

98 2496 287 2560 Adcubudre
303 2497 364 2560 dei.
410 2496 554 2560 Mensam
571 2496 730 2560 succincta
744 2482 949 2579 tremensque

98 2600 190 2664 Ponit
205 2623 293 2664 anus.
339 2601 461 2664 Mensae
476 2602 532 2664 sed
547 2611 613 2664 erat
628 2622 683 2683 pes
699 2602 806 2663 tertius
821 2601 939 2683 impar:

98 2704 195 2769 Testa
209 2727 315 2789 parem
332 2705 414 2769 lecit.
461 2706 546 2775 Quae
562 2716 728 2788 postquam
743 2705 866 2768 subdita
881 2706 995 2769 clivum
1054 2710 1117 2770 120

100 2810 240 2888 Sustulit,
256 2822 410 2893 aequatam
425 2822 540 2874 meutae
557 2812 670 2873 tersere
686 2810 829 2873 virentes.

100 2915 227 2979 Ponitur
241 2915 293 2978 hic
307 2914 422 2979 bicolor
437 2916 565 2979 sinccrae
582 2915 679 2979 bacca
694 2915 856 2994 Minervae,

99 3020 293 3102 conditaque
309 3020 341 3083 in
357 3020 475 3103 liquida
490 3042 583 3083 corna
599 3019 789 3084 autumnalia
805 3021 893 3100 laece,

100 3125 282 3207 Intubaque,
299 3135 332 3188 et
346 3126 443 3203 radix,
460 3136 492 3188 et
506 3125 594 3188 lactis
609 3146 710 3187 masse
725 3125 834 3201 coacti,

101 3230 239 3312 Ovaque,
256 3251 319 3293 non
334 3230 397 3294 acri
412 3228 519 3311 leviter
534 3240 656 3292 versata
671 3227 793 3291 favilla:
1054 3233 1116 3293 125

102 3335 214 3398 Omnia
228 3334 382 3398 fictilibus.
428 3334 503 3398 Post
518 3335 587 3398 haec
602 3334 729 3398 caelatus
744 3334 856 3398 ebdern

104 3440 223 3504 Sistitur
238 3439 344 3521 argillb
358 3450 467 3517 crater,
483 3440 692 3521 fabricataque
710 3438 781 3522 sago

103 3543 224 3621 Pocula,
240 3545 302 3626 qud
317 3565 394 3607 cava
409 3554 481 3607 sunt
495 3544 680 3606 flaventibus
695 3544 769 3607 illita
785 3545 873 3607 ceris.

144 3650 240 3712 Parva
255 3670 342 3712 mora
356 3660 421 3727 est3
446 3648 615 3730 epulasque
631 3647 692 3711 foci
707 3648 818 3711 misdre
834 3647 991 3725 calentes3

104 3752 169 3819 Nec
183 3754 285 3835 longae
301 3774 404 3817 rursus
420 3752 594 3823 referuntur
608 3752 680 3815 vina
695 3761 842 3829 senectae,
1055 3752 1117 3810 130
