<?xml version="1.0" encoding="UTF-8"?>
<!DOCTYPE html PUBLIC "-//W3C//DTD XHTML 1.0 Transitional//EN"
    "http://www.w3.org/TR/xhtml1/DTD/xhtml1-transitional.dtd">
<html xmlns="http://www.w3.org/1999/xhtml" xml:lang="en" lang="en">
 <head>
  <title>
</title>
<meta http-equiv="Content-Type" content="text/html;charset=utf-8" />
  <meta name='ocr-system' content='tesseract 3.04.00' />
  <meta name='ocr-capabilities' content='ocr_page ocr_carea ocr_par ocr_line ocrx_word'/>
</head>
<body>
  <div class='ocr_page' id='page_1' title='image "./selectionsfromm00andrgoog_0060.png"; bbox 0 0 2567 4209; ppageno 0'>
   <div class='ocr_carea' id='block_1_1' title="bbox 186 324 934 393">
    <p class='ocr_par' dir='ltr' id='par_1_1' title="bbox 186 324 934 393">
     <span class='ocr_line' id='line_1_1' title="bbox 186 324 934 393; baseline 0.004 -20"><span class='ocrx_word' id='word_1_1' title='bbox 186 330 230 393; x_wconf 76' lang='lat'><strong>52</strong></span> <span class='ocrx_word' id='word_1_2' title='bbox 462 324 581 374; x_wconf 79' lang='lat' dir='ltr'><strong>ovros</strong></span> <span class='ocrx_word' id='word_1_3' title='bbox 603 324 934 376; x_wconf 75' lang='lat' dir='ltr'><strong>uurrmoernoscs.</strong></span> 
     </span>
    </p>
   </div>
   <div class='ocr_carea' id='block_1_2' title="bbox 184 494 1218 2052">
    <p class='ocr_par' dir='ltr' id='par_1_2' title="bbox 184 494 1218 2052">
     <span class='ocr_line' id='line_1_2' title="bbox 185 494 1097 581; baseline 0.002 -22"><span class='ocrx_word' id='word_1_4' title='bbox 185 494 342 579; x_wconf 81' lang='lat' dir='ltr'>Tempore</span> <span class='ocrx_word' id='word_1_5' title='bbox 357 494 455 561; x_wconf 82' lang='lat' dir='ltr'><strong>crevit</strong></span> <span class='ocrx_word' id='word_1_6' title='bbox 469 516 573 559; x_wconf 84' lang='lat' dir='ltr'><strong>emor:</strong></span> <span class='ocrx_word' id='word_1_7' title='bbox 599 498 692 560; x_wconf 76' lang='lat' dir='ltr'><strong>taedae</strong></span> <span class='ocrx_word' id='word_1_8' title='bbox 707 516 832 579; x_wconf 90' lang='lat' dir='ltr'><strong>quoque</strong></span> <span class='ocrx_word' id='word_1_9' title='bbox 843 497 913 581; x_wconf 85' lang='lat' dir='ltr'><strong>jure</strong></span> <span class='ocrx_word' id='word_1_10' title='bbox 928 496 1097 576; x_wconf 82' lang='lat' dir='ltr'><strong>coissent3</strong></span> 
     </span>
     <span class='ocr_line' id='line_1_3' title="bbox 188 602 522 684; baseline -0.003 -18"><span class='ocrx_word' id='word_1_11' title='bbox 188 602 251 666; x_wconf 87' lang='lat' dir='ltr'><strong>Sed</strong></span> <span class='ocrx_word' id='word_1_12' title='bbox 268 602 394 667; x_wconf 68' lang='lat' dir='ltr'><strong>vetuere</strong></span> <span class='ocrx_word' id='word_1_13' title='bbox 409 612 522 684; x_wconf 87' lang='lat' dir='ltr'><strong>potres.</strong></span> 
     </span>
     <span class='ocr_line' id='line_1_4' title="bbox 229 705 976 789; baseline 0.001 -20"><span class='ocrx_word' id='word_1_14' title='bbox 229 705 335 771; x_wconf 85' lang='lat' dir='ltr'><strong>Fissus</strong></span> <span class='ocrx_word' id='word_1_15' title='bbox 349 716 416 770; x_wconf 84' lang='lat' dir='ltr'><strong>eret</strong></span> <span class='ocrx_word' id='word_1_16' title='bbox 432 706 517 771; x_wconf 91' lang='lat' dir='ltr'><strong>tenui</strong></span> <span class='ocrx_word' id='word_1_17' title='bbox 532 706 619 784; x_wconf 69' lang='lat' dir='ltr'><strong>rimi,</strong></span> <span class='ocrx_word' id='word_1_18' title='bbox 635 728 729 789; x_wconf 84' lang='lat' dir='ltr'><strong>quem</strong></span> <span class='ocrx_word' id='word_1_19' title='bbox 745 708 876 770; x_wconf 82' lang='lat' dir='ltr'><strong>duxerat</strong></span> <span class='ocrx_word' id='word_1_20' title='bbox 890 706 976 785; x_wconf 91' lang='lat' dir='ltr'><strong>olim,</strong></span> 
     </span>
     <span class='ocr_line' id='line_1_5' title="bbox 185 810 955 895; baseline 0.001 -22"><span class='ocrx_word' id='word_1_21' title='bbox 185 810 266 875; x_wconf 77' lang='lat' dir='ltr'><strong>cum</strong></span> <span class='ocrx_word' id='word_1_22' title='bbox 281 811 378 889; x_wconf 87' lang='lat' dir='ltr'><strong>fieret,</strong></span> <span class='ocrx_word' id='word_1_23' title='bbox 395 811 494 895; x_wconf 82' lang='lat' dir='ltr'><strong>peries</strong></span> <span class='ocrx_word' id='word_1_24' title='bbox 509 812 617 875; x_wconf 90' lang='lat' dir='ltr'><strong>domui</strong></span> <span class='ocrx_word' id='word_1_25' title='bbox 632 812 807 875; x_wconf 89' lang='lat' dir='ltr'><strong>communis</strong></span> <span class='ocrx_word' id='word_1_26' title='bbox 822 812 955 895; x_wconf 86' lang='lat' dir='ltr'><strong>utrique.</strong></span> 
     </span>
     <span class='ocr_line' id='line_1_6' title="bbox 186 914 1218 1000; baseline 0.001 -18"><span class='ocrx_word' id='word_1_27' title='bbox 186 914 224 982; x_wconf 90' lang='lat' dir='ltr'><strong>Id</strong></span> <span class='ocrx_word' id='word_1_28' title='bbox 239 916 347 980; x_wconf 91' lang='lat' dir='ltr'><strong>vitium</strong></span> <span class='ocrx_word' id='word_1_29' title='bbox 363 916 439 981; x_wconf 92' lang='lat' dir='ltr'><strong>nulli</strong></span> <span class='ocrx_word' id='word_1_30' title='bbox 454 938 509 1000; x_wconf 86' lang='lat' dir='ltr'><strong>per</strong></span> <span class='ocrx_word' id='word_1_31' title='bbox 524 915 638 982; x_wconf 84' lang='lat' dir='ltr'><strong>saecule</strong></span> <span class='ocrx_word' id='word_1_32' title='bbox 653 916 746 999; x_wconf 74' lang='lat' dir='ltr'><strong>longa</strong></span> <span class='ocrx_word' id='word_1_33' title='bbox 761 927 913 994; x_wconf 78' lang='lat' dir='ltr'><strong>notatum,</strong></span> <span class='ocrx_word' id='word_1_34' title='bbox 1182 924 1218 983; x_wconf 83' lang='lat' dir='ltr'><strong>llr</strong></span> 
     </span>
     <span class='ocr_line' id='line_1_7' title="bbox 188 1019 1072 1110; baseline -0.003 -19"><span class='ocrx_word' id='word_1_35' title='bbox 188 1019 291 1110; x_wconf 79' lang='lat' dir='ltr'><strong>(Quid</strong></span> <span class='ocrx_word' id='word_1_36' title='bbox 308 1044 371 1085; x_wconf 91' lang='lat' dir='ltr'><strong>non</strong></span> <span class='ocrx_word' id='word_1_37' title='bbox 386 1023 480 1087; x_wconf 83' lang='lat' dir='ltr'><strong>sentit</strong></span> <span class='ocrx_word' id='word_1_38' title='bbox 494 1044 581 1087; x_wconf 82' lang='lat' dir='ltr'><strong>emor</strong></span> <span class='ocrx_word' id='word_1_39' title='bbox 591 1020 618 1109; x_wconf 87' lang='lat' dir='ltr'><strong>i)</strong></span> <span class='ocrx_word' id='word_1_40' title='bbox 645 1022 734 1104; x_wconf 90' lang='lat' dir='ltr'><strong>primi</strong></span> <span class='ocrx_word' id='word_1_41' title='bbox 750 1022 896 1100; x_wconf 89' lang='lat' dir='ltr'><strong>sensistis,</strong></span> <span class='ocrx_word' id='word_1_42' title='bbox 911 1033 1072 1100; x_wconf 81' lang='lat' dir='ltr'><strong>ementes,</strong></span> 
     </span>
     <span class='ocr_line' id='line_1_8' title="bbox 186 1126 962 1209; baseline 0.003 -20"><span class='ocrx_word' id='word_1_43' title='bbox 186 1126 228 1189; x_wconf 91' lang='lat' dir='ltr'><strong>Et</strong></span> <span class='ocrx_word' id='word_1_44' title='bbox 242 1127 327 1191; x_wconf 87' lang='lat' dir='ltr'><strong>vocis</strong></span> <span class='ocrx_word' id='word_1_45' title='bbox 342 1127 457 1191; x_wconf 83' lang='lat' dir='ltr'><strong>fecistis</strong></span> <span class='ocrx_word' id='word_1_46' title='bbox 472 1128 540 1191; x_wconf 89' lang='lat' dir='ltr'><strong>iter.</strong></span> <span class='ocrx_word' id='word_1_47' title='bbox 586 1128 681 1204; x_wconf 90' lang='lat' dir='ltr'><strong>Tum,</strong></span> <span class='ocrx_word' id='word_1_48' title='bbox 694 1148 851 1191; x_wconf 87' lang='lat' dir='ltr'><strong>murmure</strong></span> <span class='ocrx_word' id='word_1_49' title='bbox 867 1149 962 1209; x_wconf 80' lang='lat' dir='ltr'><strong>parvo</strong></span> 
     </span>
     <span class='ocr_line' id='line_1_9' title="bbox 185 1230 953 1316; baseline 0.001 -22"><span class='ocrx_word' id='word_1_50' title='bbox 185 1230 288 1295; x_wconf 82' lang='lat' dir='ltr'><strong>Multa</strong></span> <span class='ocrx_word' id='word_1_51' title='bbox 303 1232 385 1316; x_wconf 78' lang='lat' dir='ltr'><strong>prius</strong></span> <span class='ocrx_word' id='word_1_52' title='bbox 400 1233 511 1315; x_wconf 86' lang='lat' dir='ltr'><strong>questi,</strong></span> <span class='ocrx_word' id='word_1_53' title='bbox 527 1242 678 1309; x_wconf 83' lang='lat' dir='ltr'><strong>statuunt,</strong></span> <span class='ocrx_word' id='word_1_54' title='bbox 694 1242 729 1294; x_wconf 94' lang='lat' dir='ltr'><strong>ut</strong></span> <span class='ocrx_word' id='word_1_55' title='bbox 744 1243 836 1316; x_wconf 85' lang='lat' dir='ltr'><strong>nocte</strong></span> <span class='ocrx_word' id='word_1_56' title='bbox 852 1232 953 1295; x_wconf 82' lang='lat' dir='ltr'><strong>silenti</strong></span> 
     </span>
     <span class='ocr_line' id='line_1_10' title="bbox 185 1336 1011 1421; baseline -0.006 -20"><span class='ocrx_word' id='word_1_57' title='bbox 185 1336 304 1402; x_wconf 81' lang='lat' dir='ltr'><strong>Fallere</strong></span> <span class='ocrx_word' id='word_1_58' title='bbox 320 1339 466 1403; x_wconf 83' lang='lat' dir='ltr'><strong>custodes</strong></span> <span class='ocrx_word' id='word_1_59' title='bbox 481 1338 659 1421; x_wconf 87' lang='lat' dir='ltr'><strong>foribusque</strong></span> <span class='ocrx_word' id='word_1_60' title='bbox 673 1339 827 1401; x_wconf 81' lang='lat' dir='ltr'><strong>excedere</strong></span> <span class='ocrx_word' id='word_1_61' title='bbox 843 1348 974 1400; x_wconf 80' lang='lat' dir='ltr'><strong>tentent</strong></span> <span class='ocrx_word' id='word_1_62' title='bbox 997 1372 1011 1395; x_wconf 54' lang='lat' dir='ltr'><strong>t</strong></span> 
     </span>
     <span class='ocr_line' id='line_1_11' title="bbox 185 1441 1199 1527; baseline 0.003 -23"><span class='ocrx_word' id='word_1_63' title='bbox 185 1441 327 1526; x_wconf 82' lang='lat' dir='ltr'><strong>Cquue</strong></span> <span class='ocrx_word' id='word_1_64' title='bbox 342 1444 438 1507; x_wconf 90' lang='lat' dir='ltr'><strong>domo</strong></span> <span class='ocrx_word' id='word_1_65' title='bbox 452 1443 592 1520; x_wconf 78' lang='lat' dir='ltr'><strong>exierint,</strong></span> <span class='ocrx_word' id='word_1_66' title='bbox 609 1443 693 1505; x_wconf 90' lang='lat' dir='ltr'><strong>urbis</strong></span> <span class='ocrx_word' id='word_1_67' title='bbox 707 1463 831 1525; x_wconf 89' lang='lat' dir='ltr'><strong>quoque</strong></span> <span class='ocrx_word' id='word_1_68' title='bbox 847 1441 980 1505; x_wconf 81' lang='lat' dir='ltr'><strong>claustra</strong></span> <span class='ocrx_word' id='word_1_69' title='bbox 994 1442 1199 1527; x_wconf 82' lang='lat' dir='ltr'><strong>relinquant:</strong></span> 
     </span>
     <span class='ocr_line' id='line_1_12' title="bbox 185 1546 1213 1630; baseline 0.006 -21"><span class='ocrx_word' id='word_1_70' title='bbox 185 1546 275 1610; x_wconf 87' lang='lat' dir='ltr'><strong>Neve</strong></span> <span class='ocrx_word' id='word_1_71' title='bbox 291 1548 329 1611; x_wconf 91' lang='lat' dir='ltr'><strong>sit</strong></span> <span class='ocrx_word' id='word_1_72' title='bbox 344 1549 509 1611; x_wconf 83' lang='lat' dir='ltr'><strong>errandum</strong></span> <span class='ocrx_word' id='word_1_73' title='bbox 525 1548 588 1611; x_wconf 86' lang='lat' dir='ltr'><strong>lato</strong></span> <span class='ocrx_word' id='word_1_74' title='bbox 603 1548 806 1630; x_wconf 79' lang='lat' dir='ltr'><strong>spatiantibus</strong></span> <span class='ocrx_word' id='word_1_75' title='bbox 821 1568 905 1625; x_wconf 86' lang='lat' dir='ltr'><strong>arvo,</strong></span> <span class='ocrx_word' id='word_1_76' title='bbox 1177 1553 1213 1615; x_wconf 87' lang='grc'><strong>16</strong></span> 
     </span>
     <span class='ocr_line' id='line_1_13' title="bbox 184 1650 1036 1735; baseline 0.005 -22"><span class='ocrx_word' id='word_1_77' title='bbox 184 1650 381 1715; x_wconf 78' lang='lat' dir='ltr'><strong>Conveniunt</strong></span> <span class='ocrx_word' id='word_1_78' title='bbox 394 1652 436 1716; x_wconf 82' lang='lat' dir='ltr'><strong>ud</strong></span> <span class='ocrx_word' id='word_1_79' title='bbox 450 1652 542 1717; x_wconf 84' lang='lat' dir='ltr'><strong>bustu</strong></span> <span class='ocrx_word' id='word_1_80' title='bbox 557 1650 645 1730; x_wconf 91' lang='lat' dir='ltr'><strong>Nini,</strong></span> <span class='ocrx_word' id='word_1_81' title='bbox 656 1654 836 1735; x_wconf 75' lang='lat' dir='ltr'><strong>lateantque</strong></span> <span class='ocrx_word' id='word_1_82' title='bbox 851 1653 909 1716; x_wconf 89' lang='lat' dir='ltr'><strong>sub</strong></span> <span class='ocrx_word' id='word_1_83' title='bbox 924 1653 1036 1717; x_wconf 63' lang='lat' dir='ltr'><strong>umbri</strong></span> 
     </span>
     <span class='ocr_line' id='line_1_14' title="bbox 186 1754 946 1841; baseline 0.003 -22"><span class='ocrx_word' id='word_1_84' title='bbox 186 1754 322 1820; x_wconf 87' lang='lat' dir='ltr'><strong>Arboris.</strong></span> <span class='ocrx_word' id='word_1_85' title='bbox 367 1756 469 1823; x_wconf 81' lang='lat' dir='ltr'><strong>Arbor</strong></span> <span class='ocrx_word' id='word_1_86' title='bbox 484 1757 536 1835; x_wconf 91' lang='lat' dir='ltr'><strong>ibi,</strong></span> <span class='ocrx_word' id='word_1_87' title='bbox 553 1757 652 1821; x_wconf 89' lang='lat' dir='ltr'><strong>niveis</strong></span> <span class='ocrx_word' id='word_1_88' title='bbox 667 1758 821 1822; x_wconf 84' lang='lat' dir='ltr'><strong>uberrime</strong></span> <span class='ocrx_word' id='word_1_89' title='bbox 836 1759 946 1841; x_wconf 87' lang='lat' dir='ltr'><strong>pomis,</strong></span> 
     </span>
     <span class='ocr_line' id='line_1_15' title="bbox 185 1862 946 1947; baseline 0.001 -22"><span class='ocrx_word' id='word_1_90' title='bbox 185 1862 294 1927; x_wconf 83' lang='lat' dir='ltr'><strong>Ardua</strong></span> <span class='ocrx_word' id='word_1_91' title='bbox 308 1884 422 1943; x_wconf 89' lang='lat' dir='ltr'><strong>morus,</strong></span> <span class='ocrx_word' id='word_1_92' title='bbox 438 1875 514 1941; x_wconf 87' lang='lat' dir='ltr'><strong>eret,</strong></span> <span class='ocrx_word' id='word_1_93' title='bbox 530 1862 635 1947; x_wconf 85' lang='lat' dir='ltr'><strong>gelido</strong></span> <span class='ocrx_word' id='word_1_94' title='bbox 649 1864 843 1929; x_wconf 76' lang='lat' dir='ltr'><strong>nontermino</strong></span> <span class='ocrx_word' id='word_1_95' title='bbox 857 1864 946 1933; x_wconf 82' lang='lat' dir='ltr'><strong>sonti.</strong></span> 
     </span>
     <span class='ocr_line' id='line_1_16' title="bbox 184 1966 1212 2052; baseline 0.005 -21"><span class='ocrx_word' id='word_1_96' title='bbox 184 1966 281 2033; x_wconf 88' lang='lat' dir='ltr'><strong>Pecto</strong></span> <span class='ocrx_word' id='word_1_97' title='bbox 295 1968 438 2052; x_wconf 83' lang='lat' dir='ltr'><strong>plecent3</strong></span> <span class='ocrx_word' id='word_1_98' title='bbox 462 1980 493 2033; x_wconf 90' lang='lat' dir='ltr'><strong>et</strong></span> <span class='ocrx_word' id='word_1_99' title='bbox 510 1968 572 2048; x_wconf 88' lang='lat' dir='ltr'><strong>lux,</strong></span> <span class='ocrx_word' id='word_1_100' title='bbox 589 1970 676 2037; x_wconf 73' lang='lat' dir='ltr'><strong>tarde</strong></span> <span class='ocrx_word' id='word_1_101' title='bbox 692 1970 846 2033; x_wconf 87' lang='lat' dir='ltr'><strong>decedere</strong></span> <span class='ocrx_word' id='word_1_102' title='bbox 862 1969 937 2047; x_wconf 85' lang='lat' dir='ltr'><strong>vise,</strong></span> <span class='ocrx_word' id='word_1_103' title='bbox 1172 1976 1212 2036; x_wconf 78' lang='lat'><strong>2⁰</strong></span> 
     </span>
    </p>
   </div>
   <div class='ocr_carea' id='block_1_3' title="bbox 185 2072 1035 2262">
    <p class='ocr_par' dir='ltr' id='par_1_3' title="bbox 185 2072 1264 2388">
     <span class='ocr_line' id='line_1_17' title="bbox 185 2072 1035 2158; baseline 0.001 -21"><span class='ocrx_word' id='word_1_104' title='bbox 185 2072 399 2156; x_wconf 80' lang='lat' dir='ltr'><strong>Praecipitetur</strong></span> <span class='ocrx_word' id='word_1_105' title='bbox 412 2075 511 2158; x_wconf 81' lang='lat' dir='ltr'><strong>equis,</strong></span> <span class='ocrx_word' id='word_1_106' title='bbox 527 2086 560 2139; x_wconf 91' lang='lat' dir='ltr'><strong>et</strong></span> <span class='ocrx_word' id='word_1_107' title='bbox 574 2074 664 2157; x_wconf 85' lang='lat' dir='ltr'><strong>equis</strong></span> <span class='ocrx_word' id='word_1_108' title='bbox 678 2095 741 2137; x_wconf 83' lang='lat' dir='ltr'><strong>nox</strong></span> <span class='ocrx_word' id='word_1_109' title='bbox 757 2074 854 2156; x_wconf 86' lang='lat' dir='ltr'><strong>surgit</strong></span> <span class='ocrx_word' id='word_1_110' title='bbox 869 2074 909 2137; x_wconf 86' lang='lat' dir='ltr'><strong>eb</strong></span> <span class='ocrx_word' id='word_1_111' title='bbox 924 2073 1035 2139; x_wconf 87' lang='lat' dir='ltr'><strong>isdem.</strong></span> 
     </span>
     <span class='ocr_line' id='line_1_18' title="bbox 228 2176 1010 2262; baseline 0.004 -23"><span class='ocrx_word' id='word_1_112' title='bbox 228 2176 347 2243; x_wconf 78' lang='lat' dir='ltr'><strong>Callida</strong></span> <span class='ocrx_word' id='word_1_113' title='bbox 363 2200 418 2262; x_wconf 90' lang='lat' dir='ltr'><strong>per</strong></span> <span class='ocrx_word' id='word_1_114' title='bbox 433 2180 586 2257; x_wconf 81' lang='lat' dir='ltr'><strong>tenebras,</strong></span> <span class='ocrx_word' id='word_1_115' title='bbox 602 2190 723 2243; x_wconf 82' lang='lat' dir='ltr'><strong>versato</strong></span> <span class='ocrx_word' id='word_1_116' title='bbox 737 2180 874 2256; x_wconf 81' lang='lat' dir='ltr'><strong>cardine,</strong></span> <span class='ocrx_word' id='word_1_117' title='bbox 890 2180 1010 2243; x_wconf 89' lang='lat' dir='ltr'><strong>Thisbe</strong></span> 
     </span>
    </p>
   </div>
   <div class='ocr_carea' id='block_1_4' title="bbox 180 2280 1209 3832">
    <p class='ocr_par' dir='ltr' id='par_1_4' title="bbox 181 2280 1263 3401">
     <span class='ocr_line' id='line_1_19' title="bbox 185 2280 989 2367; baseline 0.005 -24"><span class='ocrx_word' id='word_1_118' title='bbox 185 2280 360 2363; x_wconf 86' lang='lat' dir='ltr'><strong>Egreditur,</strong></span> <span class='ocrx_word' id='word_1_119' title='bbox 377 2282 515 2365; x_wconf 80' lang='lat' dir='ltr'><strong>fallitque</strong></span> <span class='ocrx_word' id='word_1_120' title='bbox 530 2304 619 2347; x_wconf 85' lang='lat' dir='ltr'><strong>suos:</strong></span> <span class='ocrx_word' id='word_1_121' title='bbox 644 2286 855 2367; x_wconf 79' lang='lat' dir='ltr'><strong>adopertaque</strong></span> <span class='ocrx_word' id='word_1_122' title='bbox 871 2284 989 2348; x_wconf 92' lang='lat' dir='ltr'><strong>vultum</strong></span> 
     </span>
     <span class='ocr_line' id='line_1_20' title="bbox 184 2385 1029 2471; baseline 0.004 -22"><span class='ocrx_word' id='word_1_123' title='bbox 184 2385 330 2449; x_wconf 83' lang='lat' dir='ltr'><strong>Pervenit</strong></span> <span class='ocrx_word' id='word_1_124' title='bbox 343 2387 384 2450; x_wconf 82' lang='lat' dir='ltr'><strong>ed</strong></span> <span class='ocrx_word' id='word_1_125' title='bbox 400 2386 565 2465; x_wconf 91' lang='lat' dir='ltr'><strong>tumulum,</strong></span> <span class='ocrx_word' id='word_1_126' title='bbox 582 2389 728 2471; x_wconf 72' lang='lat' dir='ltr'><strong>dictique</strong></span> <span class='ocrx_word' id='word_1_127' title='bbox 743 2389 801 2451; x_wconf 88' lang='lat' dir='ltr'><strong>sub</strong></span> <span class='ocrx_word' id='word_1_128' title='bbox 816 2389 924 2453; x_wconf 82' lang='lat' dir='ltr'><strong>arbore</strong></span> <span class='ocrx_word' id='word_1_129' title='bbox 940 2388 1029 2453; x_wconf 88' lang='lat' dir='ltr'><strong>sedit.</strong></span> 
     </span>
     <span class='ocr_line' id='line_1_21' title="bbox 183 2490 1209 2561; baseline 0.006 -6"><span class='ocrx_word' id='word_1_130' title='bbox 183 2490 346 2557; x_wconf 79' lang='lat' dir='ltr'><strong>Audacem</strong></span> <span class='ocrx_word' id='word_1_131' title='bbox 363 2490 496 2557; x_wconf 81' lang='lat' dir='ltr'><strong>iaciebat</strong></span> <span class='ocrx_word' id='word_1_132' title='bbox 510 2514 606 2557; x_wconf 84' lang='lat' dir='ltr'><strong>amor.</strong></span> <span class='ocrx_word' id='word_1_133' title='bbox 655 2493 748 2557; x_wconf 91' lang='lat' dir='ltr'><strong>Venit</strong></span> <span class='ocrx_word' id='word_1_134' title='bbox 763 2514 838 2557; x_wconf 89' lang='lat' dir='ltr'><strong>ecce</strong></span> <span class='ocrx_word' id='word_1_135' title='bbox 854 2493 971 2557; x_wconf 89' lang='lat' dir='ltr'><strong>recenti</strong></span> <span class='ocrx_word' id='word_1_136' title='bbox 1166 2500 1209 2561; x_wconf 77' lang='lat'><strong>25</strong></span> 
     </span>
     <span class='ocr_line' id='line_1_22' title="bbox 183 2595 930 2681; baseline 0.003 -22"><span class='ocrx_word' id='word_1_137' title='bbox 183 2595 280 2661; x_wconf 85' lang='lat' dir='ltr'><strong>Caede</strong></span> <span class='ocrx_word' id='word_1_138' title='bbox 295 2595 395 2662; x_wconf 82' lang='lat' dir='ltr'><strong>leaene</strong></span> <span class='ocrx_word' id='word_1_139' title='bbox 410 2597 504 2661; x_wconf 93' lang='lat' dir='ltr'><strong>boum</strong></span> <span class='ocrx_word' id='word_1_140' title='bbox 520 2609 700 2681; x_wconf 82' lang='lat' dir='ltr'><strong>spumantes</strong></span> <span class='ocrx_word' id='word_1_141' title='bbox 715 2598 811 2661; x_wconf 82' lang='lat' dir='ltr'><strong>oblita</strong></span> <span class='ocrx_word' id='word_1_142' title='bbox 826 2598 930 2676; x_wconf 87' lang='lat' dir='ltr'><strong>rictus,</strong></span> 
     </span>
     <span class='ocr_line' id='line_1_23' title="bbox 183 2700 843 2785; baseline 0 -20"><span class='ocrx_word' id='word_1_143' title='bbox 183 2700 369 2785; x_wconf 87' lang='lat' dir='ltr'><strong>Depositum</strong></span> <span class='ocrx_word' id='word_1_144' title='bbox 384 2701 466 2767; x_wconf 86' lang='lat' dir='ltr'><strong>sitim</strong></span> <span class='ocrx_word' id='word_1_145' title='bbox 481 2703 574 2767; x_wconf 86' lang='lat' dir='ltr'><strong>vicini</strong></span> <span class='ocrx_word' id='word_1_146' title='bbox 590 2703 683 2767; x_wconf 85' lang='lat' dir='ltr'><strong>fontis</strong></span> <span class='ocrx_word' id='word_1_147' title='bbox 699 2703 730 2766; x_wconf 93' lang='lat' dir='ltr'><strong>in</strong></span> <span class='ocrx_word' id='word_1_148' title='bbox 746 2703 843 2765; x_wconf 67' lang='lat' dir='ltr'><strong>undis.</strong></span> 
     </span>
     <span class='ocr_line' id='line_1_24' title="bbox 184 2807 1004 2892; baseline 0.004 -25"><span class='ocrx_word' id='word_1_149' title='bbox 184 2808 289 2876; x_wconf 75' lang='lat' dir='ltr'><strong>Quem</strong></span> <span class='ocrx_word' id='word_1_150' title='bbox 306 2807 413 2888; x_wconf 90' lang='lat' dir='ltr'><strong>procul</strong></span> <span class='ocrx_word' id='word_1_151' title='bbox 427 2808 469 2870; x_wconf 86' lang='lat' dir='ltr'><strong>ed</strong></span> <span class='ocrx_word' id='word_1_152' title='bbox 484 2807 566 2871; x_wconf 81' lang='lat' dir='ltr'><strong>lunae</strong></span> <span class='ocrx_word' id='word_1_153' title='bbox 582 2808 685 2871; x_wconf 83' lang='lat' dir='ltr'><strong>radios</strong></span> <span class='ocrx_word' id='word_1_154' title='bbox 701 2807 873 2892; x_wconf 78' lang='lat' dir='ltr'><strong>Babylonia</strong></span> <span class='ocrx_word' id='word_1_155' title='bbox 887 2808 1004 2871; x_wconf 89' lang='lat' dir='ltr'><strong>Thisbe</strong></span> 
     </span>
     <span class='ocr_line' id='line_1_25' title="bbox 182 2909 1031 2995; baseline 0.004 -22"><span class='ocrx_word' id='word_1_156' title='bbox 182 2909 279 2987; x_wconf 91' lang='lat' dir='ltr'><strong>Vidit,</strong></span> <span class='ocrx_word' id='word_1_157' title='bbox 295 2920 328 2973; x_wconf 88' lang='lat' dir='ltr'><strong>et</strong></span> <span class='ocrx_word' id='word_1_158' title='bbox 343 2910 507 2973; x_wconf 89' lang='lat' dir='ltr'><strong>obscurum</strong></span> <span class='ocrx_word' id='word_1_159' title='bbox 523 2913 645 2993; x_wconf 89' lang='lat' dir='ltr'><strong>trepido</strong></span> <span class='ocrx_word' id='word_1_160' title='bbox 659 2914 740 2995; x_wconf 90' lang='lat' dir='ltr'><strong>pede</strong></span> <span class='ocrx_word' id='word_1_161' title='bbox 756 2913 836 2995; x_wconf 84' lang='lat' dir='ltr'><strong>fugit</strong></span> <span class='ocrx_word' id='word_1_162' title='bbox 850 2913 881 2977; x_wconf 92' lang='lat' dir='ltr'><strong>in</strong></span> <span class='ocrx_word' id='word_1_163' title='bbox 898 2923 1031 2977; x_wconf 81' lang='lat' dir='ltr'><strong>antrum.</strong></span> 
     </span>
     <span class='ocr_line' id='line_1_26' title="bbox 182 3013 1202 3104; baseline 0.006 -27"><span class='ocrx_word' id='word_1_164' title='bbox 182 3013 328 3098; x_wconf 89' lang='lat' dir='ltr'><strong>Dumque</strong></span> <span class='ocrx_word' id='word_1_165' title='bbox 344 3015 433 3099; x_wconf 82' lang='lat' dir='ltr'><strong>fugit,</strong></span> <span class='ocrx_word' id='word_1_166' title='bbox 449 3026 537 3099; x_wconf 87' lang='lat' dir='ltr'><strong>tergo</strong></span> <span class='ocrx_word' id='word_1_167' title='bbox 552 3017 705 3082; x_wconf 86' lang='lat' dir='ltr'><strong>velamine</strong></span> <span class='ocrx_word' id='word_1_168' title='bbox 719 3019 806 3101; x_wconf 84' lang='lat' dir='ltr'><strong>lapsa</strong></span> <span class='ocrx_word' id='word_1_169' title='bbox 820 3019 974 3104; x_wconf 88' lang='lat' dir='ltr'><strong>relinquit.</strong></span> <span class='ocrx_word' id='word_1_170' title='bbox 1160 3027 1202 3089; x_wconf 84' lang='lat'><strong>30</strong></span> 
     </span>
     <span class='ocr_line' id='line_1_27' title="bbox 181 3121 915 3206; baseline 0.001 -19"><span class='ocrx_word' id='word_1_171' title='bbox 181 3121 227 3187; x_wconf 90' lang='lat' dir='ltr'><strong>Ut</strong></span> <span class='ocrx_word' id='word_1_172' title='bbox 241 3121 290 3186; x_wconf 83' lang='lat' dir='ltr'><strong>lca</strong></span> <span class='ocrx_word' id='word_1_173' title='bbox 305 3143 388 3187; x_wconf 81' lang='lat' dir='ltr'><strong>soeve</strong></span> <span class='ocrx_word' id='word_1_174' title='bbox 403 3122 484 3186; x_wconf 90' lang='lat' dir='ltr'><strong>sitim</strong></span> <span class='ocrx_word' id='word_1_175' title='bbox 498 3123 597 3188; x_wconf 72' lang='lat' dir='ltr'><strong>multi</strong></span> <span class='ocrx_word' id='word_1_176' title='bbox 610 3125 805 3206; x_wconf 86' lang='lat' dir='ltr'><strong>compescuit</strong></span> <span class='ocrx_word' id='word_1_177' title='bbox 820 3126 915 3203; x_wconf 66' lang='lat' dir='ltr'><strong>unde,</strong></span> 
     </span>
     <span class='ocr_line' id='line_1_28' title="bbox 181 3225 944 3313; baseline 0.005 -24"><span class='ocrx_word' id='word_1_178' title='bbox 181 3225 266 3290; x_wconf 92' lang='lat' dir='ltr'><strong>Dum</strong></span> <span class='ocrx_word' id='word_1_179' title='bbox 282 3228 362 3292; x_wconf 90' lang='lat' dir='ltr'><strong>redit</strong></span> <span class='ocrx_word' id='word_1_180' title='bbox 377 3229 409 3291; x_wconf 91' lang='lat' dir='ltr'><strong>in</strong></span> <span class='ocrx_word' id='word_1_181' title='bbox 424 3228 525 3306; x_wconf 83' lang='lat' dir='ltr'><strong>silvas,</strong></span> <span class='ocrx_word' id='word_1_182' title='bbox 541 3229 684 3293; x_wconf 87' lang='lat' dir='ltr'><strong>inventos</strong></span> <span class='ocrx_word' id='word_1_183' title='bbox 699 3229 777 3293; x_wconf 72' lang='lat' dir='ltr'><strong>forte</strong></span> <span class='ocrx_word' id='word_1_184' title='bbox 794 3231 861 3293; x_wconf 90' lang='lat' dir='ltr'><strong>sine</strong></span> <span class='ocrx_word' id='word_1_185' title='bbox 877 3230 944 3313; x_wconf 72' lang='lat' dir='ltr'><strong>ipsit</strong></span> 
     </span>
     <span class='ocr_line' id='line_1_29' title="bbox 181 3330 848 3401; baseline 0.01 -8"><span class='ocrx_word' id='word_1_186' title='bbox 181 3330 245 3394; x_wconf 89' lang='lat' dir='ltr'><strong>Ore</strong></span> <span class='ocrx_word' id='word_1_187' title='bbox 260 3342 423 3397; x_wconf 81' lang='lat' dir='ltr'><strong>cruentato</strong></span> <span class='ocrx_word' id='word_1_188' title='bbox 438 3342 548 3397; x_wconf 89' lang='lat' dir='ltr'><strong>tenues</strong></span> <span class='ocrx_word' id='word_1_189' title='bbox 564 3333 690 3397; x_wconf 81' lang='lat' dir='ltr'><strong>laniavit</strong></span> <span class='ocrx_word' id='word_1_190' title='bbox 704 3336 848 3401; x_wconf 82' lang='lat' dir='ltr'><strong>amictus.</strong></span> 
     </span>
    </p>

    <p class='ocr_par' dir='ltr' id='par_1_5' title="bbox 180 3435 1193 3832">
     <span class='ocr_line' id='line_1_30' title="bbox 226 3435 847 3519; baseline 0.01 -21"><span class='ocrx_word' id='word_1_191' title='bbox 226 3435 330 3498; x_wconf 78' lang='lat' dir='ltr'><strong>Serius</strong></span> <span class='ocrx_word' id='word_1_192' title='bbox 345 3457 485 3518; x_wconf 87' lang='lat' dir='ltr'><strong>egressus</strong></span> <span class='ocrx_word' id='word_1_193' title='bbox 499 3437 628 3519; x_wconf 85' lang='lat' dir='ltr'><strong>vestigia</strong></span> <span class='ocrx_word' id='word_1_194' title='bbox 643 3438 721 3501; x_wconf 87' lang='lat' dir='ltr'><strong>vidit</strong></span> <span class='ocrx_word' id='word_1_195' title='bbox 735 3439 767 3503; x_wconf 92' lang='lat' dir='ltr'><strong>in</strong></span> <span class='ocrx_word' id='word_1_196' title='bbox 782 3439 847 3503; x_wconf 87' lang='lat' dir='ltr'><strong>alto</strong></span> 
     </span>
     <span class='ocr_line' id='line_1_31' title="bbox 180 3538 1193 3626; baseline 0.011 -24"><span class='ocrx_word' id='word_1_197' title='bbox 180 3538 310 3603; x_wconf 88' lang='lat' dir='ltr'><strong>Pulvere</strong></span> <span class='ocrx_word' id='word_1_198' title='bbox 326 3551 411 3603; x_wconf 87' lang='lat' dir='ltr'><strong>certa</strong></span> <span class='ocrx_word' id='word_1_199' title='bbox 426 3539 511 3617; x_wconf 84' lang='lat' dir='ltr'><strong>t&#39;erae,</strong></span> <span class='ocrx_word' id='word_1_200' title='bbox 528 3551 656 3625; x_wconf 91' lang='lat' dir='ltr'><strong>totoque</strong></span> <span class='ocrx_word' id='word_1_201' title='bbox 672 3544 819 3626; x_wconf 86' lang='lat' dir='ltr'><strong>expalluit</strong></span> <span class='ocrx_word' id='word_1_202' title='bbox 835 3566 888 3609; x_wconf 89' lang='lat' dir='ltr'><strong>cre</strong></span> <span class='ocrx_word' id='word_1_203' title='bbox 1154 3552 1193 3615; x_wconf 83' lang='lat'><strong>35</strong></span> 
     </span>
     <span class='ocr_line' id='line_1_32' title="bbox 180 3644 1104 3730; baseline 0.005 -22"><span class='ocrx_word' id='word_1_204' title='bbox 180 3644 339 3727; x_wconf 83' lang='lat' dir='ltr'><strong>Pyramus.</strong></span> <span class='ocrx_word' id='word_1_205' title='bbox 386 3644 431 3707; x_wconf 94' lang='lat' dir='ltr'><strong>Ut</strong></span> <span class='ocrx_word' id='word_1_206' title='bbox 446 3645 518 3707; x_wconf 81' lang='lat' dir='ltr'><strong>verb</strong></span> <span class='ocrx_word' id='word_1_207' title='bbox 534 3657 652 3709; x_wconf 89' lang='lat' dir='ltr'><strong>vestem</strong></span> <span class='ocrx_word' id='word_1_208' title='bbox 667 3668 791 3728; x_wconf 90' lang='lat' dir='ltr'><strong>quoque</strong></span> <span class='ocrx_word' id='word_1_209' title='bbox 808 3649 958 3730; x_wconf 83' lang='lat' dir='ltr'><strong>sunguine</strong></span> <span class='ocrx_word' id='word_1_210' title='bbox 974 3650 1104 3713; x_wconf 81' lang='lat' dir='ltr'><strong>tinctum</strong></span> 
     </span>
     <span class='ocr_line' id='line_1_33' title="bbox 180 3747 1057 3832; baseline 0.005 -21"><span class='ocrx_word' id='word_1_211' title='bbox 180 3747 318 3829; x_wconf 76' lang='lat' dir='ltr'><strong>Repetit,</strong></span> <span class='ocrx_word' id='word_1_212' title='bbox 336 3747 427 3809; x_wconf 85' lang='lat' dir='ltr'><strong>‘Une</strong></span> <span class='ocrx_word' id='word_1_213' title='bbox 441 3748 521 3810; x_wconf 92' lang='lat' dir='ltr'><strong>duos</strong></span> <span class='ocrx_word' id='word_1_214' title='bbox 537 3749 619 3825; x_wconf 85' lang='lat' dir='ltr'><strong>nox,&#39;</strong></span> <span class='ocrx_word' id='word_1_215' title='bbox 636 3749 746 3830; x_wconf 91' lang='lat' dir='ltr'><strong>inquit,</strong></span> <span class='ocrx_word' id='word_1_216' title='bbox 764 3752 892 3832; x_wconf 88' lang='lat' dir='ltr'><strong>‘perdet</strong></span> <span class='ocrx_word' id='word_1_217' title='bbox 906 3763 1057 3829; x_wconf 85' lang='lat' dir='ltr'><strong>ementes,</strong></span> 
     </span>
    </p>
   </div>
   <div class='ocr_carea' id='block_1_5' title="bbox 0 0 1288 4209">
    <p class='ocr_par' dir='ltr' id='par_1_6' title="bbox 0 0 1288 4209">
     <span class='ocr_line' id='line_1_34' title="bbox 0 0 1288 4209; baseline 0 2"><span class='ocrx_word' id='word_1_218' title='bbox 0 0 1288 4209; x_wconf 95' lang='lat' dir='ltr'><strong> </strong></span> 
     </span>
    </p>
   </div>
  </div>
 </body>
</html>
