2567 4209
531 311 629 363 ooorr
651 312 683 359 v.
1089 314 1133 375 65

104 480 230 545 Narrat
245 480 440 564 Agenorides
454 481 560 564 gelido
575 482 633 545 sub
651 481 776 545 Atlante
788 482 948 567 jacentem
1066 487 1132 548 395

105 585 192 649 Esse
209 586 312 649 locum
328 585 434 649 solidae
451 597 552 650 tutum
568 587 738 650 munimine
754 588 845 650 molis
854 609 863 663 ;

106 690 212 777 Cujus
226 692 403 755 inintroitu
418 693 559 774 geminas
574 692 729 755 habitisse
744 712 865 755 sorores

107 796 303 880 Phoroydas,
321 796 412 859 unius
427 798 553 879 partitas
569 796 694 859 luminis
710 819 821 860 usum:

108 901 151 964 Id
169 922 201 963 se
217 900 321 964 solerti
337 902 452 979 furtim,
468 902 543 964 dum
560 902 701 979 traditur,
716 912 787 965 astu

110 1006 285 1088 Supposita
299 1007 418 1089 cepisse
434 1028 529 1069 manu
541 1030 548 1085 3
573 1028 691 1090 perque
705 1006 811 1071 abdita
826 1008 919 1090 longe
1068 1012 1134 1074 400

108 1110 275 1194 Deviaque
291 1123 323 1176 et
338 1112 420 1176 silvis
435 1112 591 1176 horrentia
606 1134 681 1175 saxa
695 1113 824 1195 fragosis

110 1217 297 1299 Gorgoneas
313 1218 449 1300 tetigisse
466 1219 592 1281 domos:
616 1218 793 1301 passimque
809 1239 864 1299 per
879 1239 969 1299 agros

110 1322 235 1403 Perque
252 1322 317 1385 vias
333 1322 447 1386 vidisse
464 1322 625 1385 hominum
641 1322 805 1386 simulacra
820 1322 1015 1405 ferarumque

112 1427 154 1490 In
170 1426 286 1490 silicem
302 1448 341 1490 ex
357 1428 431 1509 ipsis
447 1427 513 1489 visi
527 1448 677 1491 conversa
692 1426 845 1490 Medusa:
881 1430 883 1434 ’

114 1534 161 1596 Se
177 1542 280 1595 tamen
296 1532 459 1596 horrendae
476 1532 586 1615 clypei,
603 1533 687 1614 quod
702 1532 781 1595 laeva
794 1532 932 1614 gerebat,
1068 1537 1135 1598 405

113 1636 190 1700 AEre
206 1658 386 1719 repercusso
401 1637 531 1700 sormam
546 1638 725 1719 adspexisse
740 1637 901 1701 Medusa:

112 1741 261 1823 Dumque
276 1742 377 1824 gravis
392 1763 519 1807 somnus
534 1742 738 1823 colubrasque
754 1742 913 1825 ipsamque
929 1743 1067 1820 tenebat,

114 1846 273 1927 Eripuisse
289 1857 382 1929 caput
397 1846 488 1925 collo,
505 1847 678 1929 pennisque
694 1847 839 1928 fugacem

115 1951 257 2033 Pegason
273 1962 305 2015 et
320 1950 456 2029 fratrem,
472 1951 577 2014 matris
593 1951 633 2013 de
649 1950 801 2032 sanguine
816 1960 917 2013 natos.

412 2257 836 2270 -n—

505 2486 655 2550 BOOK
694 2487 743 2551 V.

333 2739 354 2780 Δ
375 2738 505 2779 TUMULT
528 2737 673 2778 EXGITED
695 2736 738 2777 ΒΥ
760 2734 914 2778 ramnus

583 2892 612 2933 v.
640 2876 669 2934 1.

117 3009 262 3093 Dumque
277 3031 315 3073 ea
330 3008 516 3091 Cephenum
532 3009 638 3072 medio
653 3008 815 3072 Danaeius
830 3009 922 3071 heros

119 3115 252 3197 Agmine
269 3124 502 3190 commemorat,
519 3114 644 3175 fremitu
660 3112 775 3193 regalia
789 3113 889 3175 turbae
985 3111 987 3114 ’

118 3220 204 3282 Atria
219 3219 433 3301 complentur3
458 3239 519 3281 nec
534 3216 721 3301 conjugialia
737 3216 816 3279 festa

119 3324 182 3393 Qui
198 3334 300 3401 canat,
316 3334 363 3386 est
378 3322 505 3398 clamor,
522 3322 577 3384 sed
593 3321 647 3403 qui
662 3320 728 3383 fera
743 3322 867 3385 nuntiet
880 3344 977 3386 arma.

118 3429 213 3509 Inque
229 3428 408 3510 repentinos
424 3426 567 3499 convivia
581 3447 671 3489 versa
686 3426 836 3490 tumultus
1117 3429 1138 3489 5

119 3532 312 3596 Adsimulare
329 3531 408 3595 freto
424 3531 533 3614 possis,
550 3532 633 3613 quod
652 3552 735 3594 saeva
749 3532 890 3613 quietum

121 3637 290 3702 Ventorum
306 3636 406 3701 rabies
421 3634 514 3699 motis
529 3646 692 3718 exasperat
707 3637 809 3703 undis.

163 3742 283 3821 Primus
298 3742 330 3806 in
347 3741 394 3804 his
410 3738 558 3817 Phineus,
573 3740 646 3803 belli
662 3740 842 3802 temerarius
857 3749 977 3815 auctor,

385 3848 406 3908 6
417 3848 437 3886 s
