2567 4209
567 340 666 392 BOOK
688 340 723 391 n.

128 510 253 579 Phoebe
269 521 367 596 pater,
384 512 410 577 si
425 512 482 577 das
498 511 589 599 hujus
604 511 681 575 mihi
695 508 831 575 nominis
845 528 948 587 nsum,

13 619 21 623 ’
129 618 270 701 Pignora
285 619 337 696 da,
352 617 485 700 genitor,
501 638 557 699 per
572 638 642 699 quae
660 626 715 679 tua
728 636 800 679 vera
816 634 957 698 propago

130 722 262 800 Credar,
277 733 311 785 et
325 723 410 786 hunc
425 722 536 785 animis
551 727 687 785 errorem
702 721 832 785 detrahe
847 716 980 783 nostris?

130 827 275 891 Dixerat.
322 827 366 890 At
380 827 503 909 genitor
518 828 635 891 circum
651 835 748 908 caput
762 846 856 888 ornne
871 824 1025 887 micantes

131 931 289 1014 Deposuit
304 932 416 1009 radios,
433 932 620 1015 propiusque
636 932 788 994 accedere
800 928 909 1014 jussit:
1093 929 1159 993 ’40

132 1036 355 1119 Ampleruque
371 1037 456 1114 dato,
473 1036 564 1100 ‘Nec
579 1047 613 1099 tu
629 1056 719 1099 mens
732 1055 802 1097 esse
817 1033 926 1117 negari

131 1140 257 1224 Dignus
273 1162 317 1220 es,
333 1152 366 1203 et
381 1141 533 1225 Clymene
548 1141 658 1219 veros,'
675 1142 729 1218 ait,
745 1140 865 1203 ‘edidit
878 1148 976 1202 ortus.

133 1244 273 1329 Quisque
288 1247 390 1310 minus
406 1246 540 1324 dubites,
555 1246 688 1329 quodvis
703 1255 776 1328 pete
792 1265 924 1307 munus:
949 1253 985 1306 ut
998 1239 1087 1321 illud,

132 1350 191 1415 Me
206 1350 372 1428 tribuente,
389 1351 480 1415 seras.
526 1350 688 1414 Promissis
703 1350 789 1413 testis
804 1349 914 1412 adesto
1129 1408 1131 1410 ,

132 1455 192 1519 Dis
204 1457 340 1542 juranda
355 1455 453 1539 palus,
470 1455 568 1519 oculis
583 1450 744 1537 incognita
758 1454 890 1517 nostris!
932 1487 948 1502 ,.
1113 1456 1158 1517 45

132 1561 197 1625 Vix
211 1561 292 1624 bene
309 1562 459 1624 desierat:
484 1582 591 1624 currus
607 1570 695 1643 rogat
710 1559 761 1623 ille
777 1570 933 1643 paternos,

133 1666 234 1749 Inque
251 1666 334 1730 diem
349 1666 508 1750 alipedum
519 1666 571 1750 jus
586 1676 619 1730 et
633 1667 839 1764 moderamen
851 1685 1013 1748 equorum.

395 1918 463 1959 THE
488 1916 647 1958 rtrnwnr
670 1917 709 1959 OF
733 1916 802 1957 THE
825 1917 897 1957 SUN-

86 2070 90 2077 ’
134 2072 285 2135 Poenitult
297 2071 416 2156 jurisse
433 2080 563 2153 patrem.
611 2070 678 2141 Qui
694 2062 807 2151 terque
817 2079 988 2152 quaterque

133 2176 326 2240 Concutiens
342 2175 458 2265 illustre
474 2186 579 2259 capnt,
597 2175 816 2252 ‘Temeraria'
833 2173 923 2251 dixit,

136 2282 225 2345 ‘Vox
242 2302 312 2344 mea
327 2281 410 2343 facta
425 2281 481 2344 tub
495 2292 552 2343 est.
574 2265 576 2270 ’
599 2281 728 2345 Utinam
744 2280 895 2365 promissa
909 2280 1017 2343 lioeret
1114 2284 1158 2345 50
1174 2337 1178 2345 .

136 2387 210 2451 Non
227 2387 320 2450 dare!
345 2386 504 2450 Confiteor
519 2385 620 2449 solum
631 2387 697 2451 ,hoc
713 2386 779 2463 tibi,
795 2396 879 2462 nate,
896 2406 1055 2467 negarem.

136 2480 330 2557 Dissuadere¹
339 2491 422 2555 licet.
469 2492 542 2555 Non
559 2502 607 2554 est
622 2501 677 2555 tua
692 2501 759 2554 tnta
773 2492 927 2571 voluntas.

136 2595 254 2678 Magna
270 2596 360 2678 petis,
377 2595 551 2672 Phaethon,
567 2594 686 2677 etqua
702 2617 762 2658 nec
777 2595 892 2658 viribus
907 2596 973 2659 istis

137 2700 271 2763 Munera
286 2701 484 2778 conveniant,
501 2721 561 2763 nec
577 2710 640 2763 tem
657 2699 827 2783 puerilibus
841 2700 943 2763 annis.

139 2806 211 2869 Sors
228 2816 282 2868 tua
297 2804 452 2882 mortalis;
476 2826 540 2867 non
556 2815 604 2867 est
619 2805 759 2881 mortale,
776 2806 860 2887 qnod
876 2816 975 2887 optas.
1114 2810 1159 2872 55

138 2909 210 2973 Plus
225 2906 330 2987 etiam,
346 2911 440 2991 quam
455 2911 540 2992 quod
556 2910 675 2992 superis
691 2910 872 2993 contingere
888 2910 934 2973 fas
949 2911 999 2990 sit,

139 3014 271 3077 Nescius
287 3014 425 3077 affectas.
471 3014 598 3088 Placeat
613 3014 670 3077 sibi
686 3015 968 3097 quisque‚·licebit;

139 3119 169 3183 N
171 3140 212 3181 on
228 3128 334 3183 tamen
350 3118 482 3200 ignifero
497 3118 660 3199 quisquam
676 3120 845 3180 consistere
860 3118 893 3181 in
908 3139 977 3198 are,

139 3222 203 3300 Me,
220 3223 312 3300 valet,
328 3231 471 3305 excepto.
518 3222 607 3286 Vasti
622 3242 747 3303 quoque
763 3232 864 3285 rector
879 3223 1017 3307 Olympi,

140 3328 204 3397 Qui
221 3327 286 3390 lera
301 3325 427 3389 terribili
438 3326 593 3411 jaculatur
609 3326 739 3390 fulmina
753 3328 875 3407 dextra,
1115 3334 1160 3396 60

140 3434 212 3497 Non
227 3442 301 3515 agat
316 3432 372 3495 hos
388 3453 512 3496 currus:
537 3444 570 3495 et
585 3431 661 3513 quid
676 3430 755 3494 Jove
770 3433 869 3517 majus
884 3434 1056 3497 habemus?

141 3535 247 3599 Ardua
262 3536 362 3618 prima
377 3536 427 3598 via
442 3546 499 3613 est,
514 3546 548 3598 et
563 3537 625 3618 qud
640 3536 690 3598 vix
706 3557 799 3599 mane
814 3548 956 3601 recentes

141 3638 306 3703 Enitantur
321 3639 411 3722 equi:
436 3640 541 3705 medio
556 3649 604 3703 est
619 3640 767 3703 altissima
781 3640 864 3703 coelo
872 3663 882 3718 ;

117 3829 122 3837 Ι
141 3742 233 3808 Unde
250 3764 334 3807 mare
350 3752 383 3806 et
397 3754 493 3807 terres
507 3744 566 3825 ipsi
581 3742 657 3809 milri
672 3764 756 3825 sepe
771 3743 877 3807 videre

407 3848 458 3911 3*
