2567 4209
532 322 630 372 BOOK
653 320 700 371 IX.

88 493 238 570 Sternis,
254 503 287 556 et
303 493 448 575 impositi
461 493 558 557 clavae
574 493 696 556 cervice
712 492 877 571 recumbis,

90 596 203 659 Haud
219 598 279 661 alio
295 599 391 676 vultu,
407 600 502 681 quim
517 598 543 661 si
558 598 692 661 conviva
703 598 834 683 jaceres,

91 700 192 765 lnter
206 702 299 784 plena
314 704 390 766 meri
405 704 564 767 redimitus
580 702 693 785 poeula
709 703 806 767 sertis.

148 803 283 887 Jamque
299 806 414 883 valens,
429 816 462 869 et
476 806 508 869 in
524 827 617 870 omne
633 805 714 869 latus
729 805 844 869 diffusa
857 805 1000 884 *sonabat
1065 810 1129 875 100

97 910 304 992 Securosque
317 921 411 988 anus,
427 921 736 993 contemptoremque
752 910 879 993 petebat

98 1013 247 1077 Flamma
261 1036 362 1078 suum.
407 1016 556 1079 Timuere
571 1016 623 1079 dei
639 1036 695 1097 pro
711 1016 833 1080 vindice
849 1026 949 1081 terroe.

99 1118 199 1188 Quos
213 1120 257 1182 ita
274 1119 384 1207 (sensit
398 1120 497 1206 enim)
514 1120 588 1183 laeto
604 1120 767 1183 Saturnius
782 1141 836 1183 ore

99 1222 227 1305 Jupiter
241 1223 422 1306 alloquitur:
449 1224 584 1288 ‘Nostra
599 1235 647 1288 est
661 1225 752 1287 timor
766 1225 824 1287 iste
841 1224 993 1307 voluptas,

100 1328 137 1389 Ο
154 1329 266 1410 superi,
282 1338 410 1411 totoque
425 1329 526 1392 libens
541 1331 616 1392 mihi
632 1340 757 1412 pectore
772 1340 887 1411 grator,
1065 1332 1126 1393 105

101 1431 205 1501 Quod
220 1435 363 1497 memoris
379 1434 486 1517 populi
501 1434 588 1497 dicor
603 1446 764 1516 rectorque
780 1445 939 1516 paterque,

103 1536 150 1599 Et
163 1559 233 1601 mea
248 1538 410 1621 progenies
425 1550 526 1602 vestro
541 1539 665 1621 queque
681 1548 748 1602 tuta
764 1538 867 1603 savore
883 1548 940 1602 est.

103 1642 191 1705 Nam
206 1663 384 1725 quanquam
398 1644 494 1725 ipsius
509 1646 600 1707 datur
615 1644 675 1707 hoc
689 1643 875 1708 immanibus
889 1644 977 1722 actis,

102 1746 236 1830 Obligor
249 1748 316 1829 ipse
331 1758 446 1812 tamen.
493 1750 559 1813 Sed
574 1749 669 1827 enim,
685 1770 725 1811 ne
741 1759 867 1831 pectora
882 1770 964 1812 vano

103 1852 186 1915 Fida
199 1862 286 1915 metu
301 1864 445 1934 paveant,
460 1852 587 1921 OEtoeas,
597 1853 732 1935 spernite
748 1854 898 1916 flammas.
1062 1856 1125 1919 110

104 1956 222 2019 Omnia
236 1957 289 2039 qui
304 1958 388 2035 vicit,
404 1958 517 2034 vincet,
534 1978 611 2039 quos
626 1956 761 2034 cernitis,
777 1957 876 2038 ignes,

105 2062 177 2125 Nec
192 2061 250 2125 nisi
266 2063 407 2125 materna
422 2060 600 2127 Vulcanum
614 2070 702 2143 parte
718 2071 879 2143 potentem

105 2167 238 2229 Sentiet.
284 2166 450 2231 AEtemum
465 2177 523 2243 est,
538 2188 558 2229 a
572 2166 723 2248 mequod
737 2166 838 2241 traxit,
854 2176 886 2231 et
901 2186 1011 2249 expers

106 2272 210 2353 Atque
225 2272 364 2335 immune
378 2272 475 2349 necis,
491 2271 637 2353 nullique
653 2270 807 2335 domabile
823 2270 958 2340 flammi.

106 2376 205 2458 quue
220 2398 281 2459 ego
295 2377 480 2439 defunctum
494 2376 575 2439 terra
589 2374 767 2441 coelestibus
782 2376 842 2439 oris
1061 2379 1125 2454 1ιὸ

106 2481 279 2563 Accipiam,
294 2482 478 2563 cunctisque
492 2502 597 2545 meum
613 2480 746 2547 laetabile
762 2480 880 2548 factum

107 2585 163 2649 Dis
178 2586 243 2649 sore
258 2586 394 2650 confido.
439 2586 474 2649 Si
490 2585 559 2667 quis
574 2597 679 2651 tamen
695 2584 842 2662 Hercule,
859 2585 968 2669 siquis

107 2690 198 2754 Forte
214 2692 275 2755 deo
290 2690 441 2754 doliturus
455 2690 523 2769 erit,
539 2690 614 2754 data
629 2689 759 2772 premia
774 2689 870 2767 nolet,

108 2796 172 2860 Sed
187 2795 334 2859 meruisse
348 2796 415 2859 dari
430 2796 516 2873 sciet,
532 2794 708 2877 invitusque
723 2794 886 2877 probabit?

150 2902 326 2965 Adsensere
341 2900 403 2965 dei.
449 2899 572 2985 Conjux
588 2900 712 2983 quoque
728 2900 812 2983 regia
826 2899 892 2968 visa
906 2910 955 2965 est
1060 2903 1125 2975 mo

107 3004 218 3069 Cetera
231 3027 295 3069 non
311 3006 399 3083 duro,
416 3006 495 3069 duro
510 3015 615 3070 tamen
629 3004 740 3069 ultima
754 3003 842 3067 vultu

110 3110 200 3173 Dicta
215 3109 320 3174 tulisse
334 3108 431 3189 lovis,
446 3130 542 3192 seque
556 3109 725 3173 indoluisse
741 3118 890 3173 nomam.

151 3214 281 3292 Interea,
297 3216 506 3298 quodcunque
522 3214 581 3278 fuit
595 3212 771 3298 populabile
787 3213 932 3292 flammae,

109 3319 258 3383 Mulciber
273 3320 451 3399 abstulerat,
466 3342 527 3384 nee
541 3320 760 3402 cognoscenda
774 3318 922 3383 remansit

109 3424 249 3491 Herculis
262 3425 392 3508 effigies,
408 3426 653 3508 necquidquam
667 3424 707 3487 ab
722 3424 858 3505 imagine
873 3424 1004 3495 ductum
1061 3428 1123 3497 ras

110 3528 213 3593 Matris
228 3530 332 3608 habet,
348 3530 529 3612 tantumque
545 3528 631 3593 loris
646 3528 775 3611 vestigia
790 3538 900 3593 servat.

111 3633 209 3719 thue
225 3656 324 3698 novus
338 3656 476 3717 serpens,
492 3634 594 3716 positi
607 3654 680 3699 cum
696 3631 777 3716 pelle
792 3632 930 3712 senectd,
