2567 4209
180 292 225 357 73
455 284 574 336 ovrns
596 284 926 353 unrannrnosns.

179 454 404 541 Rurieolnsque
419 456 515 520 bores
529 454 593 519 lete
607 455 716 533 dedit3
738 476 875 538 nrreqne
885 455 982 540 jussit

180 560 302 627 Fellere
316 560 504 645 depositum,
520 560 688 643 vitiauque
703 558 823 623 semine
838 559 925 623 feeit.

181 664 334 731 Fertilitas
348 676 449 745 terres,
464 664 561 729 letum
577 664 704 748 vulgntn
718 685 775 747 per
788 664 908 742 orbem,

181 768 278 835 cesse
289 770 392 857 jneet:
417 769 521 853 primis
536 778 660 852 segetes
673 768 847 833 moriuntur
863 769 895 831 in
911 768 1041 833 herbis:

182 873 224 939 Et
238 874 333 940 modd
348 873 394 939 sol
408 874 531 953 nimius,
547 873 663 937 nimius
675 873 771 937 modb
786 874 912 957 eorripit
926 873 1044 937 imber.
1152 880 1209 939 320

182 978 355 1063 Sideraque
370 977 517 1062 ventique
532 988 668 1056 noeent;¹
691 978 854 1062 nudisque
870 978 1017 1043 volueres

184 1082 314 1149 Semina
324 1084 410 1170 jsetn
424 1084 549 1168 legunt:
574 1083 681 1147 lolium
698 1082 862 1165 tribulique
878 1083 1016 1166 lstignnt

182 1187 335 1253 Tritieees
350 1210 476 1267 messes,
491 1198 524 1253 et
538 1188 778 1271 inexpugnabile
793 1210 932 1271 gramen.

227 1293 311 1359 Tum
326 1305 421 1378 ceput
438 1292 520 1357 Eleis
536 1292 687 1375 Alpheias
701 1294 812 1357 extulit
825 1294 926 1373 undis,

182 1399 398 1482 Romntesque
415 1419 520 1463 eomes
535 1420 554 1461 n
569 1397 671 1461 fronte
687 1398 818 1461 removit
831 1399 872 1461 sd
886 1419 998 1462 sures:
1154 1402 1213 1463 325

182 1502 288 1587 Atque
303 1502 365 1567 sit:
392 1502 440 1566 ‘O
456 1512 523 1567 toto
537 1501 678 1585 quaesitae
693 1502 818 1584 virginis
833 1502 918 1580 orbe,

182 1604 226 1671 Et
239 1606 362 1689 hugum
377 1605 521 1690 genitrix,
536 1607 705 1671 immensos
719 1607 792 1671 siste
807 1607 938 1684 lnbores,

182 1711 272 1777 Neve
288 1710 344 1775 tibi
359 1712 431 1775 fide
447 1710 582 1775 violente
597 1712 728 1775 ireseere
744 1721 844 1775 terne.

182 1815 281 1881 Terre
296 1815 371 1881 nihil
387 1816 509 1895 meruit,
526 1816 689 1899 patuitque
703 1815 800 1880 invite
814 1815 942 1898 repinoe.

183 1921 255 1988 Nee
269 1944 337 1987 surn
353 1942 410 2006 pro
425 1921 524 2007 patrib
538 1920 688 2004 supplere
712 1920 775 1984 hue
789 1920 912 2004 hospite
925 1920 1011 1984 veni.
1153 1928 1213 1989 330

182 2030 256 2097 Pise
270 2030 345 2095 mihi
360 2031 459 2115 petria
473 2041 531 2108 est,
546 2038 579 2093 et
592 2028 632 2093 eb
649 2028 739 2093 Elide
754 2028 897 2093 ducimus
911 2038 1028 2091 ortum.

184 2135 342 2201 Sieeninrn
357 2133 520 2217 peregrine
534 2133 622 2212 eolo;
646 2134 702 2197 sed
716 2134 832 2215 gratior
846 2134 932 2197 ornrn

182 2237 265 2303 Htee
279 2236 354 2301 mihi
370 2247 451 2301 terre
466 2237 532 2303 solo
546 2248 604 2302 est.
650 2237 720 2301 Hos
735 2258 821 2301 nune
837 2237 993 2301 Arethusa
1009 2250 1164 2322 penates,

182 2339 278 2405 Hane
291 2340 394 2405 hebeo
407 2342 525 2421 sedem,
541 2364 635 2426 quarn
650 2353 696 2421 tu,
711 2341 884 2420 mitissime,
900 2362 999 2405 serve.

182 2444 274 2509 Mete
288 2445 359 2511 loeo
374 2468 430 2511 cur
445 2446 513 2526 sim,
530 2448 670 2532 tentique
685 2447 889 2531 persequeris
903 2446 1004 2511 under
1149 2454 1211 2515 335

182 2549 331 2617 Advehnr
345 2550 519 2638 Ortygiam,
534 2552 639 2617 reniet
654 2552 827 2616 narratibus
842 2551 918 2615 hors

182 2654 384 2741 Tempestiva
398 2657 486 2735 meis,
502 2657 574 2723 eiun
590 2667 624 2721 tu
639 2657 784 2739 curisque
798 2656 910 2734 levata,

182 2758 226 2825 Et
239 2760 342 2826 vultus
356 2760 489 2825 melioris
504 2762 573 2826 eris.
619 2760 701 2824 Mihi
716 2761 822 2843 pervia
836 2760 929 2824 tellus

182 2863 306 2929 Proebet
320 2864 388 2943 iter,
404 2864 569 2947 subterque
584 2862 662 2928 imus
676 2866 780 2929 abluta
794 2886 945 2929 eevernns

181 2966 246 3034 Hie
260 2978 356 3052 eepnt
368 2967 488 3047 ettnllo,
503 2969 696 3052 desuetaque
710 2970 812 3033 sidere
826 2990 932 3034 cerno.
1144 2979 1210 3041 340

182 3072 277 3159 Ergo,
293 3075 368 3139 dum
386 3074 496 3159 Stygio
511 3075 569 3139 sub
585 3075 672 3137 terris
686 3075 810 3158 gurgite
826 3074 921 3150 labor,

182 3180 258 3244 Vise
272 3189 327 3242 tua
341 3190 389 3244 est
404 3180 501 3244 oeulis
517 3180 579 3244 illic
594 3180 779 3262 Proserpina
794 3180 917 3243 nostris.

181 3282 239 3347 Ille
254 3283 381 3366 quidem
397 3282 499 3359 tristis,
515 3304 575 3347 nee
590 3284 695 3348 adhue
709 3284 850 3348 interrita
865 3285 972 3364 vultu3

183 3386 249 3451 Sed
264 3387 371 3469 regine
384 3396 502 3465 temen,
518 3388 575 3450 sed
590 3389 682 3469 opaci
697 3390 832 3453 maxime
848 3391 980 3470 mundi;

183 3490 248 3555 Sed
263 3500 369 3555 temen
384 3488 495 3554 inferni
512 3490 630 3573 pollens
646 3503 789 3559 metrone
804 3495 949 3579 tyranni?
1141 3500 1206 3563 345

226 3594 329 3659 Meter
343 3596 384 3659 ed
400 3594 522 3659 audites
537 3596 667 3677 stupuit,
682 3618 742 3659 eeu
757 3619 862 3676 seren,
878 3622 982 3679 voees,

183 3698 397 3780 Attonitoeqne
413 3698 467 3760 diu
483 3696 589 3759 similis
605 3697 681 3759 fuit:
705 3708 802 3779 utque
818 3701 926 3765 dolore
