2567 4209
546 298 642 353 BOQK
666 298 701 349 tt.

75 465 194 530 Ardet
212 469 253 533 in
272 471 471 548 immensum,
486 469 652 553 geminatis
666 465 800 549 ignibus,
818 466 925 544 AEtae,

75 570 325 658 Parnasusque
339 575 457 658 biceps,
473 585 506 637 et
522 570 615 657 Eryx,
631 582 665 635 et
679 570 833 655 Cynthus,
848 582 883 635 et
897 570 1026 655 Othrys,

77 677 126 741 Et
143 683 295 746 tandem
311 683 467 764 Rhodope
482 681 604 745 nivibus
620 680 764 757 earitura,
780 678 968 761 Manesque,
1067 680 1130 743 221

77 782 341 870 Dindymaque,
357 797 389 851 et
405 786 541 869 Myoale,
559 796 712 867 natusque
726 784 769 847 ad
784 804 873 847 saera
887 781 1058 847 Citheron.

79 886 162 952 Nec
180 901 333 973 prosunt¹
343 892 480 974 Scythiae
496 911 551 953 sua
567 890 697 973 frigora:
722 889 883 951 Caueasus
896 888 997 963 ardet,

78 992 249 1077 Ossaque
267 1016 339 1059 eum
355 996 466 1072 Pindo,
483 994 641 1078 majorque
657 992 810 1056 ambobus
824 990 990 1075 Olympus,

79 1096 276 1182 Adriaeque
293 1099 400 1182 Alpes,
416 1110 448 1162 et
464 1098 586 1162 nubifer
600 1097 799 1181 Apenninus.
1066 1089 1132 1159 225

132 1204 247 1267 Tune
262 1204 336 1270 verd
352 1203 516 1268 Phaethon
533 1204 654 1267 eunctis
668 1223 689 1265 e
704 1202 844 1286 partibus
858 1201 965 1265 orbem

82 1308 254 1391 Adspicit
268 1326 456 1387 accensum
480 1328 540 1371 neo
555 1317 665 1370 tantos
674 1306 933 1383 sustinet-astus3
1045 1333 1051 1344 ,

79 1412 342 1496 Ferventesque
357 1434 458 1491 auras,
474 1390 592 1475 veluto
609 1411 736 1474 fornace
751 1410 917 1493 profundit,

84 1517 159 1581 Ore
177 1520 293 1597 trahit,
309 1538 479 1601 currusque
494 1536 565 1580 suos
581 1516 772 1580 candesoere
787 1514 890 1578 sentit.
978 1568 980 1571 Α

85 1622 134 1685 Et
151 1644 269 1707 neque
280 1624 346 1709 y'am
362 1622 481 1686 cineres
497 1623 724 1707 ejectatamque
740 1620 875 1684 farillam
1064 1623 1132 1685 230

87 1726 197 1791 Ferre
215 1739 330 1811 potest,
346 1727 521 1810 callidoque
537 1724 704 1790 involvitur
718 1726 858 1808 undique
874 1726 970 1789 sumo.
989 1762 995 1773 ·
1013 1790 1017 1795 ,

90 1832 247 1916 Quoque
262 1844 323 1911 eat,
339 1844 394 1897 aut
409 1832 462 1895 ubi
477 1832 526 1910 sit,
542 1832 634 1915 picea
648 1831 782 1913 ealigine
798 1840 899 1895 tectus

93 1938 128 2001 N
130 1938 238 2017 escit3
262 1950 295 2000 et
309 1936 435 2000 arbitrio
450 1936 610 1999 volucrum
626 1946 765 2017 raptatur
779 1956 941 2017 equorum.
965 1918 970 1928 ’

144 2042 316 2125 Sanguine
332 2050 398 2103 tum
415 2041 547 2104 credunt
561 2040 594 2103 in
610 2060 741 2121 corpora
755 2060 876 2101 summa
891 2049 1013 2117 vocato,

97 2144 294 2231 AEthiopum
308 2146 440 2229 populos
456 2145 578 2228 nigrum
596 2144 723 2207 traxisse
738 2144 886 2207 colorem.
1065 2145 1131 2208 235

96 2252 192 2316 Tum
207 2253 291 2316 saeta
306 2262 352 2315 est
368 2250 479 2333 Libye,
496 2250 591 2333 raptis
607 2248 788 2312 humoribus
803 2258 892 2327 aestu,

99 2356 227 2435 Arida3
252 2368 318 2421 turn
334 2356 481 2439 nymphae
497 2355 594 2437 pessis
610 2354 774 2435 fontesque
790 2353 937 2436 lacusque

99 2459 275 2525 Deflevere
291 2461 396 2525 cornis.
444 2459 568 2529 Quaerit
583 2459 706 2523 Boeotia
720 2460 848 2537 Diroen,

103 2565 212 2649 Argos
229 2566 438 2649 Amymonen,
456 2563 581 2647 Ephyre
597 2564 758 2627 Pirenidas
773 2565 884 2627 undas.

105 2670 181 2736 Neo
197 2671 304 2735 sortita
319 2669 389 2735 loco
404 2669 555 2731 distantes
569 2668 701 2732 flumina
715 2667 796 2750 ripas
1065 2670 1131 2733 240

105 2775 195 2840 Tuta
210 2786 355 2839 manent:
381 2774 491 2837 mediis
506 2774 625 2838 Tanais
641 2773 772 2837 fumavit
786 2774 818 2837 in
834 2773 936 2851 undis,
1127 2762 1136 2774 ’

107 2878 293 2963 Peneosque
309 2900 414 2957 senex,
430 2879 724 2961 Teuthranteiisque
739 2878 864 2957 Caicus,

109 2984 152 3049 Et
167 2985 250 3050 celer
265 2986 415 3061 IsmenoS,
432 3004 504 3046 eum
520 2984 680 3047 Phocaico
695 2984 899 3067 Erymantho,

109 3090 305 3172 Arsurusque
321 3090 434 3151 iterum
446 3086 602 3164 XanthuS,
618 3088 779 3170 flavusque
794 3087 975 3170 Lyoormas,

110 3195 238 3277 Quique
254 3193 423 3257 recurvatis
440 3190 519 3254 ludit
534 3191 715 3253 Maeandros
729 3191 762 3253 in
778 3191 880 3269 undis,
1065 3193 1131 3259 245

110 3299 362 3384 Mygdoniusque
378 3296 492 3375 Melas,
508 3306 540 3359 et
556 3295 722 3359 Taenarius
737 3296 879 3360 Eurotas.

110 3404 194 3469 Arsit
209 3414 241 3467 et
257 3401 434 3485 Euphrates
449 3400 649 3485 Babylonius
664 3402 740 3466 arsit
754 3402 900 3481 Orontes,

111 3506 375 3589 Thermodonque
391 3506 481 3584 citus,
498 3507 701 3590 Gangesque,
716 3518 749 3571 et
763 3506 883 3585 Phasis,
898 3517 931 3571 et
945 3508 1037 3571 Ister.

112 3612 235 3678 AEstuat
249 3610 408 3694 Alpheos:
432 3612 507 3694 ripae
524 3612 734 3695 Spercheides
748 3612 878 3676 ardent:

113 3720 270 3802 Quodque
287 3738 344 3781 suo
358 3717 466 3799 Tagus
480 3737 574 3781 amne
589 3716 684 3799 vehit,
699 3718 768 3785 fluit
782 3716 906 3799 ignibus
919 3734 1040 3780 aurum.
1063 3718 1130 3780 250
