2567 4209
529 296 628 347 BOOK
650 297 723 348 VIII.

83 465 318 552 Desemitque
333 469 466 548 ducem3
490 467 623 551 eoelique
638 468 786 551 cupidine
803 476 929 545 tractus,

86 572 215 636 Altius
230 574 295 656 egit
308 574 377 637 iter.
423 573 539 655 Rapidi
555 574 667 637 vicinia
682 573 754 637 solis

86 676 214 740 Mollit
230 680 384 756 odoratas,
400 699 573 760 pennarum
589 678 722 755 vincula,
738 699 834 741 ceras.

87 781 292 845 Tabuerant
307 804 399 861 cerae,
415 784 516 846 nudos
531 782 631 865 quatit
645 782 696 846 ille
711 782 862 858 lacertos3
1089 782 1133 843 45

88 884 320 969 Remigioque
336 908 445 950 carens
461 909 525 950 non
540 886 617 950 ullas
633 887 764 969 percipit
779 908 879 949 auras.

91 992 239 1073 Oraque
255 991 399 1069 caerulefi,
415 992 548 1075 patrium
563 991 729 1056 clamantia
745 1012 870 1068 nornen,

92 1096 318 1178 Excipiuntur
332 1099 430 1179 aqua:
455 1118 525 1179 quae
541 1118 657 1160 nomen
673 1097 764 1159 traxit
779 1096 819 1158 ab
834 1096 897 1158 illo.

94 1200 151 1263 At
170 1214 260 1283 pater
275 1201 392 1279 infelix,
408 1223 469 1265 nec
481 1204 546 1287 jam
561 1212 661 1284 pater,
679 1201 805 1277 ‘leura'
823 1200 910 1278 dixit,

96 1314 105 1342 ‘
121 1305 240 1383 Icare‚'
257 1306 344 1383 dixit,
361 1306 434 1369 ‘ubi
449 1310 503 1370 es?
528 1307 590 1389 qui
605 1317 636 1369 te
652 1306 778 1388 regione
794 1304 970 1387 requiram?
1088 1307 1132 1366 50

96 1410 219 1487 Icare‚’
236 1410 378 1473 dicebat:
402 1432 521 1494 pennas
536 1410 678 1493 adspexit
693 1411 725 1473 in
742 1410 843 1488 undis,

96 1514 306 1597 Devovitque
323 1537 395 1579 suas
409 1526 510 1593 artes3
534 1536 708 1598 corpusque
724 1514 867 1598 sepulcro

99 1620 273 1699 Condidit,
288 1630 322 1683 et
337 1620 427 1683 telius
440 1644 461 1685 a
475 1621 601 1685 nornine
617 1620 702 1685 dicta
716 1620 840 1703 sepulti.

552 1886 686 1929 Punmx.

156 2039 252 2104 Hunc
265 2040 369 2105 miseri
384 2039 505 2103 tumulo
520 2050 690 2123 ponentem
707 2060 837 2121 corpora
852 2038 917 2103 nati

105 2144 242 2209 Garrula
256 2146 378 2209 ramosi
393 2146 550 2228 prospexit
565 2144 605 2207 ab
620 2144 691 2208 ilice
707 2145 825 2227 perdix,
1089 2147 1131 2209 55

105 2250 152 2312 Et
166 2250 279 2333 plausit
294 2251 414 2333 pennis,
429 2259 603 2331 testataque
617 2250 733 2332 gaudia
748 2260 843 2313 cantu
858 2261 925 2327 est;

104 2353 212 2418 Unica
228 2365 303 2418 tunc
318 2354 458 2433 volueris,
475 2376 534 2418 nec
551 2354 615 2418 visa
630 2354 781 2437 prioribus
796 2356 897 2433 annis,

105 2458 268 2541 Factaque
284 2480 384 2541 nuper
398 2460 473 2536 avis,
489 2459 616 2541 longum
632 2458 698 2536 tibi,
715 2458 856 2537 Daedale,
872 2460 1000 2522 crimen.

107 2564 257 2647 Namque
272 2565 345 2627 huic
359 2565 537 2641 tradiderat,
554 2564 688 2626 fatorum
705 2564 821 2646 ignara,
838 2564 1014 2627 docendam

107 2670 294 2751 Progeniem
309 2689 457 2751 gennana
472 2690 571 2745 suam,
587 2668 742 2731 natalibus
757 2668 834 2731 actis
1089 2670 1133 2732 60

107 2772 163 2835 Bis
178 2794 308 2855 puerum
325 2774 417 2851 senis,
432 2773 528 2836 animi
543 2774 584 2836 ad
600 2784 758 2856 praecepta
773 2773 906 2855 capacis.

107 2877 166 2941 Ille
181 2878 276 2941 etiam
290 2878 395 2941 medio
410 2878 514 2960 spinas
529 2879 562 2941 in
578 2879 663 2961 pisoe
680 2889 802 2942 notatas

107 2983 219 3046 Traxit
233 2982 265 3044 in
281 2980 469 3064 exemplum,
487 2982 628 3065 ferroque
644 2984 754 3046 incidit
768 2995 864 3047 acuto

109 3087 282 3168 Perpetuos
297 3087 418 3163 dentes,
434 3098 467 3150 et
481 3108 573 3150 serrae
588 3088 703 3169 reperit
719 3108 819 3149 usum.

110 3191 231 3255 Primus
245 3201 279 3253 et
292 3211 331 3253 ex
347 3211 412 3253 uno
427 3192 491 3254 duo
506 3191 747 3254 ferreabrachia
761 3192 846 3254 nodo
1025 3224 1031 3242 ι
1088 3194 1132 3255 65

109 3294 228 3373 Vinxit,
244 3306 289 3373 ut,
304 3296 417 3377 equali
432 3296 533 3378 spatio
548 3296 734 3359 distantibus
750 3296 818 3373 illis,

110 3401 219 3465 Altera
233 3421 303 3481 pars
318 3410 422 3477 staret,
437 3421 508 3482 pars
523 3400 620 3463 altera
635 3402 764 3464 duceret
780 3401 897 3465 orbem.

154 3503 305 3568 Daedalus
320 3504 439 3581 invidit,
455 3489 605 3586 sacrique
620 3526 659 3567 ex
675 3526 747 3568 arce
763 3506 916 3568 Minervae

111 3609 308 3692 Praecipitem
322 3608 426 3685 mittit,
442 3610 563 3691 lapsum
580 3608 738 3672 mentitus.
784 3609 939 3686 Atilium,

113 3716 196 3785 Quae
212 3714 297 3777 Iavet
310 3714 454 3796 ingeniis,
470 3714 594 3794 excepit
608 3712 720 3789 Pallas,
736 3733 888 3793 avemque
1090 3716 1134 3775 70

379 3821 401 3880 9
