2567 4209
178 324 224 391 ῃ
455 316 576 368 ovms
597 314 931 366 unnauoaruosas.

177 490 312 579 Ejectat,
327 488 547 571 flammamque
563 488 629 551 lero
645 486 742 550 vomit
755 506 811 549 ore
825 485 1017 569 Typhoeus.

178 598 274 681 Soepe
289 594 423 660 remoliri
438 593 573 657 luctatur
587 593 728 676 pondera
744 602 845 669 terrae,

177 702 378 787 Oppidaque,
394 710 427 763 et
442 720 573 781 magnos
588 696 731 761 evolvere
747 717 877 779 corpore
893 706 1035 760 montes.

177 806 257 872 Inde
273 806 377 871 tremit
392 804 484 868 tellus
497 826 505 883 ;
529 812 561 867 et
576 823 630 867 rex
646 812 739 886 pavet
755 803 822 885 ipse
838 802 998 880 silentum,

177 911 229 977 Ne
245 920 361 995 puteat,
377 908 503 991 latoque
519 907 618 971 solum
634 918 793 990 retegatur
808 907 907 984 hiatu,
1160 912 1218 973 195

177 1015 399 1099 Immissusque
415 1016 482 1079 dies
498 1014 691 1096 trepidantes
706 1022 820 1075 terreat
834 1013 970 1074 umbras.

177 1122 272 1187 Hanc
286 1131 430 1184 metuens
446 1118 569 1183 cladem
586 1116 753 1181 tenebrosa
767 1116 843 1179 sede
859 1126 1014 1199 tyrannus

177 1221 323 1303 ExIcrat3
347 1245 501 1308 curruque
517 1234 655 1287 atrorum
670 1232 778 1285 vectus
793 1242 945 1304 equorum

177 1330 328 1396 Ambibat
344 1330 460 1394 Siculoe
477 1339 586 1393 cautus
603 1326 787 1391 fundamina
802 1338 903 1390 terras.

176 1436 347 1521 Postquam
362 1435 557 1517 exploratum
573 1434 647 1496 satis
662 1444 710 1496 est
724 1432 794 1495 loca
809 1432 897 1496 nulla
911 1432 1031 1510 labare,
1154 1438 1219 1497 200

176 1540 383 1624 Depositique
399 1549 512 1616 metue,
530 1539 616 1603 videt
631 1538 716 1602 hunc
732 1538 868 1622 Erycina
883 1549 1054 1620 vagantem

176 1644 289 1709 Monte
305 1664 362 1707 suo
378 1644 527 1721 residens,
544 1654 717 1726 natumque
731 1644 876 1725 amplexa
891 1643 1065 1721 volucrem,

177 1746 304 1828 ‘Arma,
320 1770 494 1831 manusque
510 1770 601 1827 meae,
618 1770 699 1827 mea,
715 1760 799 1826 nate,
816 1749 975 1831 potentia,'
992 1748 1093 1827 dixit,

177 1853 266 1934 ‘Illa,
282 1854 394 1939 quibus
411 1874 538 1937 superas
555 1876 674 1932 omnes,
691 1874 770 1935 cape
786 1854 857 1931 tela,
874 1853 1009 1936 Cupido,

176 1960 277 2045 Inque
293 1962 345 2025 dei
360 1971 471 2045 pectus
486 1960 602 2025 celeres
618 1960 727 2023 molire
743 1960 881 2041 sagittas,
1150 1964 1215 2024 205

175 2065 237 2132 Cui
252 2067 382 2150 triplicis
396 2067 489 2131 cessit
505 2066 628 2129 fortuna
644 2065 812 2127 novissima
829 2064 926 2147 regni,

176 2172 230 2235 Tu
245 2192 374 2254 superos
388 2172 552 2253 ipsumque
568 2168 690 2247 lovem,
706 2179 741 2231 tu
758 2170 888 2232 numina
903 2168 991 2251 ponti

176 2276 270 2341 Victa
285 2276 405 2354 domas,
422 2277 596 2358 ipsumque,
613 2276 693 2359 regit
707 2276 762 2358 qui
778 2276 908 2355 numina
922 2275 1022 2357 ponti.

176 2381 308 2445 Tartara
322 2380 397 2463 quid
413 2384 558 2445 cessant?
582 2402 638 2445 cur
654 2403 717 2444 non
734 2382 902 2462 matrisque
919 2391 1077 2461 tuumque

177 2484 347 2567 Imperium
363 2485 504 2568 profers?
528 2486 630 2569 agitur
646 2508 717 2569 pars
732 2485 824 2549 tertia
839 2485 959 2548 mnndi.
1147 2491 1212 2551 210

176 2588 220 2654 Et
234 2600 341 2654 tamen
357 2590 389 2655 in
405 2590 495 2669 coelo,
512 2612 582 2674 qnae
595 2593 660 2676 jam
676 2591 828 2673 patientia
843 2601 947 2653 nostra
962 2599 1022 2665 est,

177 2696 382 2780 Spemimur;
406 2718 445 2761 ao
460 2718 585 2761 mecum
602 2696 683 2759 vires
698 2705 867 2758 tenuantur
883 2694 1019 2757 Amoris.
1036 2723 1039 2731 ·

176 2799 307 2865 Pallada
321 2822 427 2864 nonne
442 2802 529 2863 vides
542 2802 819 2885 jaculatricemque
834 2800 970 2863 Dianam

176 2903 374 2968 Abscessisse
389 2904 487 2969 mihi?
534 2904 657 2969 Cereris
671 2924 796 2988 quoqne
813 2905 876 2968 filia
891 2906 988 2986 virgo,

177 3009 213 3074 Si
229 3008 394 3094 patiamur,
411 3010 487 3074 erit:
513 3032 585 3074 nam
603 3032 674 3093 spes
689 3010 817 3074 affectat
831 3012 968 3073 easdem.
1144 3017 1208 3076 215

176 3116 221 3181 At
235 3126 269 3182 tu
286 3137 343 3200 pro
358 3117 453 3195 socio,
471 3117 495 3180 si
511 3128 636 3200 quaest
651 3138 723 3179 mea
737 3116 847 3199 gratia,
864 3136 972 3198 regno,

176 3216 280 3305 lunge
296 3223 389 3285 deam
405 3224 537 3305 patruo!
583 3220 671 3283 Dixit
687 3221 804 3284 Venus.
851 3221 907 3283 Ille
923 3220 1106 3302 pharetram

75 3362 80 3373 ·
178 3328 289 3406 Solvit,
302 3339 335 3391 et
349 3328 475 3391 arbitrio
490 3330 596 3391 matris
612 3330 652 3391 de
668 3328 752 3391 mille
768 3330 888 3411 sagittis

176 3430 281 3497 Unam
297 3432 445 3515 seposuit,
463 3434 518 3495 sed
534 3434 597 3514 qud
613 3454 673 3497 nec
688 3434 809 3496 acutior
824 3434 897 3511 ulla,

175 3536 244 3601 Nec
258 3538 360 3601 minias
376 3537 494 3601 incerta
510 3548 567 3614 est,
584 3558 645 3601 nec
659 3558 730 3620 quae
746 3540 845 3620 magis
860 3538 967 3609 audiat
982 3558 1104 3601 arcum.
1139 3545 1203 3605 220

175 3642 393 3725 Oppositoque
408 3664 493 3723 genu
509 3642 649 3704 curvavit
663 3642 767 3703 flexile
782 3664 898 3704 cornu:

175 3744 277 3828 Inque
292 3766 346 3809 cor
362 3746 487 3808 hamatd
502 3744 655 3827 percussit
669 3744 823 3807 arundine
839 3745 956 3807 Ditem.
