2567 4209
131 296 154 361 Β
407 291 527 342 ovm·s
548 290 879 343 Murfflourflosus.

133 461 189 525 Sic
203 470 270 524 erat
285 459 435 525 instabilis
451 460 553 539 tellus,
568 460 714 525 innabilis
729 461 826 538 unda,

132 566 227 631 Lucis
242 588 338 649 egens
353 570 424 630 adr:
450 567 526 630 nulli
542 589 598 631 sua
613 567 713 631 forma
727 566 885 644 manebat,

132 668 348 751 Obstabatque
363 668 430 732 aliis
444 669 549 733 aliud:
574 671 649 751 quia
663 690 793 752 corpore
808 669 841 732 in
857 690 923 733 uno

133 772 260 856 Frigida
274 774 456 857 pugnabant
471 774 589 855 calidis,
605 774 768 839 humentia
782 774 891 851 siccis,-

133 876 242 942 Mollia
257 898 330 941 cum
346 878 441 957 duris,
457 877 524 941 sine
540 880 679 962 pondere
695 877 843 942 habentia
857 878 992 961 pondus.

556 1128 730 1171 cadistoa.

179 1280 273 1346 Hanc
288 1280 375 1345 Deus
390 1291 423 1345 et
437 1281 546 1345 melior
560 1281 647 1345 litem
664 1282 785 1347 Natura
799 1281 941 1345 diremit:

135 1386 219 1451 Nam
235 1386 316 1451 coelo
332 1398 438 1466 terras,
454 1397 486 1450 et
501 1387 588 1451 terris
604 1386 737 1451 abscidit
752 1387 864 1464 undas,

135 1490 178 1553 Et
192 1492 343 1573 liquidum
359 1492 458 1573 spisso
473 1493 604 1556 secrevit
619 1492 659 1554 ab
674 1494 747 1555 aere
762 1492 887 1555 coelum.

136 1598 220 1667 Quoe
236 1608 398 1681 postquam
415 1598 538 1675 evolvit,
554 1620 704 1680 caecoque
719 1599 835 1662 exemit
848 1620 972 1678 acervo,

135 1701 310 1765 Dissociata
324 1701 400 1765 locis
416 1702 564 1766 concordi
580 1723 658 1785 pace
674 1702 791 1786 ligavit.

135 1806 234 1889 Ignea
249 1806 379 1869 convexi
395 1806 441 1869 vis
456 1817 488 1869 ct
503 1805 570 1869 sinc
586 1807 725 1889 pondere
741 1808 813 1871 coeli

136 1910 282 1989 Emicuit,
299 1913 481 1993 summaque
496 1912 601 1975 locum
616 1912 674 1975 sibi
689 1911 765 1995 legit
780 1913 812 1976 in
827 1933 910 1978 arce.

136 2015 298 2079 Proximus
313 2027 361 2079 est
375 2020 429 2081 adr
444 2017 487 2082 illi
502 2017 627 2081 levitate
643 2016 794 2101 locoque:

136 2118 270 2183 Densior
286 2121 333 2183 his
349 2120 450 2198 tellus,
466 2122 684 2203 elementaque
699 2123 831 2205 grandia
844 2122 947 2201 traxit,
994 2184 997 2189 .

137 2223 179 2286 Et
194 2245 299 2305 pressa
314 2234 361 2287 est
376 2226 527 2307 gravitate
543 2226 601 2289 sui.
647 2226 855 2291 circumfluus
870 2228 982 2292 humor

137 2328 256 2392 Ultima
271 2330 418 2411 possedit,
435 2329 630 2413 solidumque
647 2333 785 2395 coercuit
800 2332 918 2396 orbem.

183 2433 238 2497 Sic
253 2431 305 2496 ubi
321 2434 513 2515 dispositam,
529 2436 667 2517 quisquis
682 2436 740 2499 fuit
756 2436 806 2501 ille
822 2439 953 2501 deorum

138 2536 327 2619 Congeriem
344 2538 453 2615 secuit,
470 2526 649 2623 sectamque
665 2540 698 2603 in
714 2541 853 2604 membra
867 2541 999 2623 redegit,

138 2642 295 2724 Principio
311 2653 433 2721 terram,
449 2664 490 2707 ne
506 2665 569 2707 non
585 2643 713 2727 aequalis
727 2645 768 2708 ab
783 2645 869 2709 omni

138 2745 230 2809 Parte
246 2746 335 2824 foret,
352 2748 457 2829 magni
473 2749 610 2831 speciem
624 2749 808 2832 glomeravit
822 2750 854 2813 in
871 2750 963 2813 orbis.

139 2850 224 2914 Tum
240 2850 318 2915 freta
333 2850 477 2929 diffundi,
493 2853 671 2937 rabidisque
687 2865 860 2919 tumescere
875 2855 978 2919 ventis

139 2952 158 3017 J
160 2955 246 3032 ussit,
260 2965 294 3019 et
308 2955 433 3019 ambitae
449 2957 641 3023 circumdare
657 2957 761 3022 littora
775 2969 875 3023 terras.

140 3059 273 3123 Addidit
288 3070 320 3123 et
335 3060 447 3138 fontes,
464 3060 677 3145 immensaque
692 3074 812 3146 stagna,
829 3063 997 3147 lacusque;
1015 3150 1018 3157 Ι

140 3162 345 3247 Fluminaque
361 3166 494 3249 obliquis
508 3167 607 3231 cinxit
622 3167 755 3232 declivia
770 3168 860 3251 ripis:

141 3267 236 3345 Quae,
252 3269 374 3333 diversa
388 3270 474 3347 locis,
491 3272 603 3353 partim
618 3272 781 3336 sorbentur
796 3273 836 3336 ab
851 3274 930 3356 ipsi,

141 3372 177 3435 In
194 3394 278 3435 mare
294 3374 481 3455 perveniunt
495 3375 617 3457 partim,
634 3396 809 3459 campoque
824 3389 952 3461 recepta

141 3475 307 3539 Liberioris
321 3498 422 3559 aquae,
439 3498 495 3561 pro
510 3477 583 3560 ripis
599 3478 702 3542 littora
716 3480 852 3562 pulsant.

140 3577 160 3641 J
162 3580 238 3643 ussit
252 3591 284 3644 et
299 3582 426 3664 extendi
441 3603 579 3663 campos,
596 3584 757 3647 subsidere
771 3586 878 3664 valles,

141 3682 265 3749 Fronde
282 3684 345 3765 tegi
361 3684 462 3762 silvas,
478 3684 636 3766 lapidosos
650 3708 776 3769 surgere
790 3701 923 3754 montes.
