2567 4209
582 308 681 361 Boou
704 309 725 359 l.

133 479 295 559 Tendere,
312 500 376 545 nou
391 479 512 558 habuit,
527 500 598 563 quae
613 480 742 545 brachia
756 476 901 544 tenderet
917 477 1023 562 Argo;

134 584 321 668 Conatoque
337 585 424 668 queri
439 586 581 667 mugitus·
590 586 693 649 edidit
706 606 771 663 ore,

136 689 361 773 Pertimuitque
377 712 480 768 souoS,
496 691 682 773 proprihque
697 691 844 755 exterrita
858 710 935 780 voce
950 697 1009 755 est,

182 794 279 859 Venit
293 806 326 859 et
340 796 382 859 ad
397 796 489 877 ripas,
506 796 560 859 uhi
574 796 683 859 ludere
698 818 784 879 saepe
799 795 928 874 solebat,
1094 796 1161 859 525

137 900 303 965 Inachidas
318 902 417 983 ripas:
442 922 586 983 novaque
602 909 637 967 ut
652 902 817 987 conspexit
830 902 863 965 in
878 901 967 965 undh

136 1005 273 1083 Cornua,
290 1006 459 1089 pertimuit,
475 1026 571 1089 seque
587 1017 764 1070 exsternata
778 1006 903 1089 refugit.

137 1108 258 1175 Naides
273 1111 428 1193 ignorant,
444 1111 568 1194 ignorat
581 1102 615 1174 et
629 1112 766 1175 Inachus
780 1112 859 1193 ipse,

137 1216 223 1284 Quae
238 1216 288 1278 sit.
334 1214 379 1279 At
394 1215 446 1279 llla
460 1226 582 1299 patrem
596 1218 746 1298 sequitur,
761 1216 965 1299 sequiturque
978 1236 1118 1294 sorores3

137 1320 180 1383 Et
196 1322 310 1404 patitur
326 1321 422 1405 tangi,
439 1340 535 1403 seque
550 1321 775 1385 admirantibus
790 1319 891 1383 offert.
1095 1323 1161 1389 530

136 1425 312 1509 Decerptas
327 1426 430 1489 senior
445 1436 623 1507 porrexerat
639 1425 775 1489 Inachus
790 1423 921 1503 herbas3

136 1529 195 1595 Illa
209 1552 324 1595 manus
337 1531 455 1608 lambit,
471 1532 639 1613 patriisque
655 1533 833 1597 datosculn
847 1532 978 1616 palmis,-

136 1634 209 1701 Nec
224 1638 337 1700 retinet
352 1637 522 1721 lacrymes3
545 1648 588 1715 et,
605 1638 630 1701 si
646 1638 741 1702 modb
756 1639 851 1702 verbn
866 1647 1047 1721 sequantur,

136 1743 217 1807 Oret
232 1763 334 1824 opem,
351 1761 528 1825 nomenque
545 1764 636 1806 suum
653 1766 804 1827 casusque
820 1744 974 1827 loquatur.

136 1847 258 1911 Littera
272 1869 328 1930 pro
344 1847 454 1925 verbis,
470 1868 565 1929 quam
581 1870 637 1931 pes
653 1849 686 1912 in
701 1850 830 1932 pulvere
845 1849 945 1927 duxit,
1002 1878 1009 1927 χ
1094 1851 1161 1912 535

136 1952 283 2035 Corporis
298 1953 576 2015 indicium-mutati
591 1954 678 2015 triste
693 1954 823 2035 peregit.

138 2060 213 2123 ‘Me
228 2059 375 2124 miserum
388 2060 415 2124 l'
440 2060 595 2123 exclamat
609 2071 699 2143 peter
713 2060 859 2138 Inachus,
874 2060 969 2143 inque
983 2060 1139 2143 gementis

136 2165 292 2230 Cornibus
307 2176 340 2229 et
354 2166 455 2229 uivere
471 2168 613 2249 pendens
629 2166 751 2230 cervice
763 2166 919 2251 juvencae,

138 2271 213 2335 ‘Me
228 2272 375 2335 miserum
386 2271 412 2336 l'
429 2272 611 2354 ingeminat.
652 2273 765 2336 ‘Tune
779 2293 815 2335 es
829 2272 961 2353 quaesita
972 2294 1028 2357 per
1039 2293 1160 2351 omnes,

137 2373 233 2455 Nata,
249 2376 326 2439 mihi
340 2379 456 2450 terras?
504 2378 556 2440 Tu
571 2398 635 2441 non
650 2378 779 2442 inventa
793 2377 928 2460 repertis«
1094 2379 1160 2441 540

136 2482 257 2546 Luctus
272 2501 340 2545 eras
355 2481 460 2545 levior.
505 2482 643 2561 Retices,
659 2505 720 2547 nec
734 2493 844 2547 mutua
858 2482 971 2547 nostris

136 2586 232 2651 Dicte
247 2587 342 2651 refers
355 2610 364 2665 3
387 2587 450 2651 alto
465 2588 585 2651 tautum
601 2588 732 2669 suspiria
746 2588 835 2651 ducis

136 2690 268 2757 Pectore
280 2715 288 2770 ;
312 2694 458 2775 quodque
474 2702 688 2775 unum-potes,
703 2694 745 2756 ad
760 2712 832 2755 mea
844 2692 940 2757 rerba
952 2691 1100 2775 remugis.

138 2797 170 2861 N
172 2818 210 2861 ec
225 2797 313 2860 finire
329 2797 401 2861 licet
416 2807 519 2861 tantos
534 2798 610 2861 mihi
625 2808 726 2861 morte
741 2797 883 2875 dolores3

138 2902 205 2965 Sed
220 2912 315 2965 nocet
328 2922 396 2965 esse
412 2904 518 2978 deum,
534 2902 748 2985 praeclusaque
760 2902 858 2986 janua
872 2899 926 2966 leti
1093 2903 1160 2967 545

138 3008 304 3071 AEternum
320 3017 441 3071 nostros
456 3007 557 3069 luctus
573 3006 715 3088 extendit
729 3004 763 3067 iu
777 3004 902 3067 rerum!

138 3114 228 3177 Talia
243 3112 386 3177 moerenti
402 3110 540 3173 stellatus
555 3108 722 3171 submovet
736 3107 850 3190 Argus,

139 3215 350 3300 Ereptamque
365 3215 445 3299 patri
461 3215 584 3277 diversa
599 3212 630 3275 in
646 3196 764 3295 pascua
778 3221 885 3275 natam

139 3322 310 3386 Abstrahit.
355 3322 426 3403 Ipse
443 3319 550 3402 procul
565 3318 681 3381 montis
695 3316 827 3379 sublime
842 3338 994 3381 cacumen

138 3428 295 3510 Occupat,
312 3427 396 3489 unde
412 3426 525 3489 sedens
541 3434 643 3506 partes
659 3422 837 3505 speculetur
850 3422 884 3485 in
899 3444 1019 3486 omnes.
1094 3423 1161 3485 550

140 3532 211 3597 Nec
226 3531 372 3614 superhm
387 3540 488 3592 rector
503 3527 586 3591 mala
601 3538 690 3590 tanta
704 3527 899 3590 Phoronidos
916 3526 997 3590 ultrh

139 3638 232 3701 Ferre
249 3645 363 3719 potest,
378 3644 547 3715 natumque
563 3642 666 3709 vocat,
681 3652 776 3714 quem
791 3630 896 3695 lucida
911 3641 1003 3713 partu

139 3740 243 3807 Pleias
259 3741 353 3805 enixe
367 3748 433 3816 est3
456 3737 582 3819 letoque
598 3736 663 3814 det,
678 3736 821 3818 imperet,
837 3732 969 3816 Argum.

407 3846 428 3906 3
