2567 4209
140 313 187 375 20
419 305 537 357 OVlD'S
561 304 892 357 Muueuonrflosns.
963 304 967 311 ’

141 473 263 539 Pronus
278 472 374 554 humi,
389 475 555 559 gelidoque
571 496 690 559 pavens
704 474 794 541 dedit
807 474 916 541 osculo
929 494 1017 539 sexo.

141 577 247 664 Atque
264 579 316 657 ite,
333 580 388 643 ‘Si
403 581 568 664 precibus,'
584 581 741 658 dixerunt,
758 580 909 643 ‘numina
919 579 1011 663 justis

142 682 235 747 Victo
250 684 480 763 remolleteunt,
496 686 522 749 si
537 686 674 749 flectitur
688 685 733 748 ire
748 686 890 763 deorum,

142 787 212 866 Dio,
229 788 353 867 Themi,
369 790 432 872 qud
446 789 569 873 generis
584 789 736 853 damnum
751 788 923 871 reparabile
938 787 1037 853 nostri

142 891 220 956 Arte
235 893 285 972 sit,
301 904 334 957 et
348 894 456 977 mersis
471 894 517 979 ser
532 915 635 983 opem,
651 891 824 971 mitissima,
839 880 952 978 iebus)
1102 893 1180 957 380
1275 867 1280 942 l

142 994 233 1061 Motu
248 999 309 1061 dee
323 1008 381 1077 est,
398 1009 573 1081 sortemque
589 999 695 1063 dedit:
721 997 901 1063 ‘Discedite
916 996 1048 1080 templo,
1276 1001 1280 1014 '

142 1102 185 1167 Et
200 1104 300 1169 velete
316 1116 421 1188 ceput,
437 1106 618 1189 cinctasque
633 1106 778 1171 resolvite
795 1115 905 1183 vestes,

143 1208 285 1291 Ossaque
301 1220 373 1293 post
388 1220 508 1293 tergum
525 1232 648 1294 mognae
660 1210 778 1295 jactate
793 1208 952 1293 parentis?

187 1314 387 1397 Obstupuere
403 1316 477 1393 diu3
501 1317 680 1399 rumpitque
695 1314 820 1390 silentio
835 1336 912 1380 vooe

142 1416 261 1503 Pyrrha
275 1419 367 1501 prior,
379 1421 533 1505 jussisque
549 1421 618 1485 deoe
635 1441 743 1503 perere
760 1431 882 1483 recusat
891 1442 900 1497 ;
1099 1422 1175 1483 ³85

143 1520 268 1604 Detque
284 1524 342 1587 sibi
357 1525 491 1601 veniam,
507 1525 622 1606 pavido
637 1536 727 1607 roget
741 1546 814 1603 ore3
838 1532 992 1607 pavetque

143 1624 276 1691 Laedere
287 1626 412 1712 jactetis
427 1639 582 1692 meternes
597 1630 718 1693 ossibus
734 1629 869 1693 umbras.

143 1731 267 1795 Interea
282 1742 428 1813 repetunt
443 1732 536 1797 caecis
550 1732 683 1797 obscure
697 1734 823 1799 latebris

143 1835 248 1899 Verba
262 1837 345 1899 detae
361 1836 450 1901 sortis
465 1858 582 1915 secum,
599 1838 790 1920 intenseque
806 1839 956 1903 volutent.
1280 1920 1281 1924 Ἰ

143 1939 223 2005 Inde
238 1941 453 2006 Promethides
468 1943 598 2026 placidis
614 1942 816 2026 Epimethida
830 1943 922 2007 dietis
1097 1945 1172 2009 390

144 2044 276 2123 Mulcet,
293 2056 336 2125 et,
353 2046 439 2111 ‘Aut
454 2048 567 2127 fallux‚’
584 2049 637 2127 ait,
656 2057 723 2111 ‘est
738 2047 873 2112 sollertia
887 2048 987 2125 nobis,

144 2154 211 2217 Ast
226 2152 278 2233 pin
293 2161 375 2231 sunt,
392 2153 574 2235 nullumque
590 2153 679 2217 nefas
694 2153 821 2217 oracula
834 2154 977 2217 suadent.

144 2254 264 2337 Magne
279 2276 390 2338 parens
406 2267 487 2319 terra
501 2267 566 2320 est:
592 2256 712 2340 lapides
728 2259 760 2321 in
776 2279 906 2349 corpore
922 2268 1011 2321 terne

145 2360 226 2423 Ossa
241 2381 310 2424 reor
325 2360 404 2425 dici:
426 2362 529 2445 jacere
546 2362 603 2425 hos
618 2374 690 2445 post
705 2374 792 2445 terga
803 2362 971 2447 jubemur?

142 2464 294 2550 conjugis
309 2466 439 2548 augurio
454 2488 632 2550 quenquam
648 2468 776 2532 Titania
790 2479 876 2531 mota
889 2478 948 2545 est,
1099 2469 1170 2531 395

146 2570 227 2651 Spes
242 2579 348 2633 temen
364 2570 396 2633 in
412 2571 509 2635 dubio
523 2583 588 2636 est:
613 2572 694 2636 adeb
709 2572 888 2637 ooelestibus
902 2571 996 2635 ambo

144 2674 301 2747 Diffidunt
315 2677 459 2741 monitis!
507 2678 573 2742 Sed
589 2679 665 2759 quid
681 2688 801 2741 tentore
816 2677 965 2741 nocebit?

144 2780 361 2859 Descendunt,
378 2782 542 2865 velantque
559 2793 665 2865 caput,
682 2782 864 2865 tunicasque
879 2782 1055 2863 recingunt,

145 2886 187 2949 Et
198 2887 300 2971 jussos
316 2886 435 2968 lapides
450 2908 506 2949 sue
521 2897 592 2969 post
607 2887 738 2970 vestigia
751 2888 889 2951 mittunt.

146 2992 229 3055 Saxa
247 2990 330 3080 (quis
345 2990 406 3054 hoc
421 2992 538 3068 credat,
554 2992 615 3055 nisi
629 2992 670 3055 sit
684 3014 741 3075 pro
756 3002 836 3056 teste
851 3001 988 3056 vetustas
998 2989 1027 3077 ?)
1100 2993 1170 3055 400
1278 2985 1279 3010 ’

144 3097 265 3161 Ponere
281 3096 425 3161 duritiem
441 3097 565 3180 coepere
581 3118 735 3180 suumque
751 3097 894 3179 rigorem,

144 3201 435 3285 Molliriquemorb,
451 3202 631 3286 mollitaque
647 3204 762 3267 ducere
779 3202 921 3265 formam.

145 3306 233 3384 Mox,
249 3309 302 3371 ubi
319 3319 492 3385 creverunt,
509 3317 682 3388 naturaque
698 3304 801 3368 mitior
816 3306 875 3369 illis

145 3411 295 3495 Contigit,
311 3424 347 3476 ut
361 3412 518 3493 quaednm,
533 3410 580 3473 sic
594 3431 659 3472 non
674 3407 849 3486 manifeste,
865 3409 963 3473 videri

146 3516 259 3581 Forma
275 3527 377 3601 potest
392 3514 536 3592 hominis,
552 3514 618 3591 sed,
635 3513 679 3576 uti
697 3512 738 3574 de
754 3532 906 3577 marmore
921 3523 1037 3595 erepto,
1101 3514 1168 3577 405
1276 3565 1277 3580 t

146 3621 178 3686 N
181 3642 224 3684 on,
237 3631 347 3683 exacta
362 3619 446 3697 setis,
462 3617 653 3699 rudibusque
668 3614 823 3680 simillime
838 3618 945 3700 signis

147 3724 231 3795 Quae
248 3734 352 3787 tamen
369 3744 407 3785 ex
425 3722 485 3785 illis
498 3720 603 3801 aliquo
618 3740 689 3801 pors
705 3719 834 3783 humida
849 3738 954 3795 succo,
