2567 4209
484 690 635 757 BOOK
673 694 749 761 x1.

427 958 496 1001 TER
520 960 604 1003 wlsu
629 962 668 1003 OF
691 962 800 1004 mma.

560 1132 590 1175 v.
617 1116 672 1177 89.

103 1244 205 1308 Hune
218 1247 350 1310 adsueta
365 1248 476 1311 cohors
493 1250 606 1334 Satyri,
622 1250 820 1336 Baoohaeque
835 1252 1043 1337 frequentant,

103 1350 150 1414 At
166 1350 291 1414 Silenus
307 1351 404 1416 abeat.
450 1354 654 1419 Titubantem
670 1358 822 1440 annisque
838 1379 985 1442 meroque

102 1455 261 1520 Rurioolae
277 1458 390 1540 cepere
406 1457 555 1542 Phryges,
572 1460 772 1545 vinctumque
789 1464 911 1527 coronis

103 1561 157 1625 Ad
173 1583 277 1645 regem
293 1564 413 1627 traxere
429 1563 550 1643 Midan,
567 1566 618 1628 cui
634 1566 786 1630 Thracius
801 1567 948 1649 Orpheus

101 1667 200 1749 Orgia
216 1668 384 1732 tradiderat
399 1690 471 1732 cum
485 1668 640 1753 Cecropio
657 1667 822 1754 Eumolpo.
1103 1678 1126 1741 5

101 1770 171 1839 Qui
186 1772 276 1835 simul
290 1774 418 1857 agnovit
432 1776 552 1839 socium
567 1776 776 1859 comitemque
792 1798 960 1857 sacrorum,

101 1874 244 1957 Hospitis
258 1879 396 1942 adventu
412 1880 525 1943 festum
541 1881 703 1963 genialiter
718 1883 782 1964 egit

102 1980 163 2044 Per
178 1980 224 2045 bis
240 1967 376 2066 quinque
392 1985 469 2062 dies,
484 1996 517 2048 et
529 1986 654 2070 junctas
669 1973 779 2049 ordine
795 1996 914 2050 noctes.

149 2086 190 2148 Et
201 2088 266 2170 jam
281 2088 439 2151 stellarum
454 2089 586 2153 sublime
602 2093 750 2173 coegerat
764 2112 877 2173 agmen

100 2191 228 2255 Lucifer
243 2194 437 2282 undecimus,
454 2194 560 2278 Lydos
576 2197 647 2259 erim
662 2196 753 2258 laetus
768 2196 800 2259 in
815 2216 906 2279 agros
959 2230 962 2241 i
1085 2204 1124 2265 1⁰

100 2297 172 2361 Rex
187 2298 282 2377 venit,
297 2309 330 2361 et
340 2299 448 2383 juveni
465 2301 606 2364 Silenum
621 2301 724 2365 reddit
737 2300 876 2366 alumno.

100 2402 187 2467 Huic
202 2404 280 2467 deus
295 2406 424 2486 optandi
438 2417 571 2488 gratum,
587 2409 643 2471 sed
659 2406 778 2485 inutile,
796 2406 871 2472 fecit

99 2508 242 2572 Muneris
256 2508 425 2587 arbitrium,
441 2511 582 2593 gaudens
597 2511 694 2574 altore
710 2523 847 2595 recepto.

99 2613 156 2677 Ille
172 2614 252 2678 mate
269 2636 379 2677 usurus
395 2616 495 2693 donis,
511 2616 564 2694 ait,
582 2616 713 2695 ‘Effice'
727 2618 880 2699 quidquid

97 2717 236 2803 Corpore
253 2720 422 2803 contigem,
438 2719 557 2783 fulvum
572 2731 709 2784 vertatur
724 2721 756 2785 in
772 2721 904 2785 aurum)
1080 2728 1121 2793 m

99 2823 221 2888 Adnuit
236 2826 359 2907 optatis,
376 2826 578 2915 noeituraque
593 2847 725 2891 munera
739 2826 831 2891 solvit

97 2930 212 3009 Liber;
235 2941 268 2994 at
282 2931 425 3011 indoluit,
441 2933 525 3015 quod
541 2954 604 3003 non
620 2932 749 2997 meliora
764 2932 902 3016 petisset.

142 3036 251 3100 Laetus
265 3037 339 3115 abit,
355 3039 532 3121 gaudetque
548 3038 631 3101 malo
647 3037 871 3121 Berecynthius
887 3037 999 3104 heroa:

96 3141 333 3225 Pollicitamque
348 3144 443 3206 fidem
459 3144 619 3225 tangendo
633 3143 755 3225 singula
771 3152 880 3205 tentat.

97 3247 221 3331 Vixque
237 3247 295 3311 sibi
311 3250 452 3327 credens,
468 3269 532 3311 non
547 3247 611 3311 altri
627 3248 737 3310 fronde
752 3246 904 3310 virentem
995 3270 997 3277 ¹
1074 3250 1120 3313 20

96 3351 172 3415 llioe
188 3353 321 3416 detraxit
336 3353 471 3436 virgam:
497 3354 583 3435 virga
597 3374 693 3416 aurea
708 3352 790 3416 faeta
804 3362 862 3416 est.

96 3455 195 3520 Tollit
208 3458 305 3521 humo
320 3480 445 3521 sarum:
469 3480 578 3521 sarum
595 3458 719 3540 qudque
735 3458 844 3540 polluit
858 3478 945 3520 auro.

96 3559 236 3645 Contigit
251 3574 283 3624 et
298 3562 439 3646 glebam:
464 3571 611 3625 contactu
626 3560 719 3643 gleba
734 3560 854 3643 potenti

95 3668 202 3732 Massa
217 3670 263 3731 fit.
309 3668 443 3731 Arentes
458 3665 581 3729 Cereris
596 3665 752 3747 decerpsit
766 3665 892 3727 aristae:

96 3774 203 3839 Aurea
217 3774 325 3838 messia
340 3782 417 3837 erat.
463 3771 636 3853 Demptum
651 3778 738 3832 tenet
752 3766 861 3830 arbore
876 3782 1024 3848 pomum:
1070 3762 1118 3821 '25
