2567 4209
528 320 707 391 noonxv.

101 486 145 556 Et
159 490 351 558 Diomedeos
366 490 483 557 AEneas
498 493 619 577 fugerat
633 513 735 558 enses.

99 597 234 661 Talibus
248 599 332 663 hanc
346 599 485 682 genitor:
510 599 606 663 ‘Sola
618 598 827 682 insuperabile
843 597 953 679 saturn,

101 701 199 780 Nata,
215 723 342 767 movere
356 706 467 788 parus?
490 704 585 768 intres
599 703 674 769 licet
688 704 756 787 ipsa
770 722 911 768 sororum

99 807 206 871 Tecta
221 808 324 887 trium,
339 827 448 873 cernes
462 808 525 873 illic
539 810 698 874 molimine
713 816 802 874 vasto

102 912 154 974 Ex
170 934 243 990 rere,
259 924 292 976 et
306 912 406 978 solido
420 934 523 977 rerum
538 914 689 979 tabularia
705 900 803 979 serro':

100 1014 190 1084 Qun
206 1037 309 1100 neque
324 1039 511 1082 concursum
526 1019 607 1098 coeli,
623 1038 727 1102 neque
744 1018 879 1083 fulminis
894 1018 984 1098 itant·

100 1119 177 1183 Nec
191 1131 335 1185 metuunt
349 1122 428 1186 ullas
443 1133 511 1187 tuta
525 1135 619 1206 atque
634 1134 752 1188 aeterna
766 1124 882 1188 ruinas.

100 1224 249 1289 Invenies
263 1226 327 1291 illic
341 1227 439 1291 incisa
453 1229 619 1292 adamante
634 1230 765 1311 perenni

101 1329 184 1393 Fata
200 1332 243 1395 tui
258 1332 399 1415 generis:
424 1331 486 1416 legi
501 1333 579 1415 ipse,
594 1334 762 1417 animoque
778 1333 894 1414 notavi,

101 1434 147 1497 Et
162 1436 303 1514 referam,
319 1456 359 1500 ne
375 1435 417 1501 sis
431 1437 602 1502 etiamnum
618 1439 726 1522 ignara
741 1439 847 1503 futuri.
954 1491 960 1499 .

100 1538 170 1604 Hic
184 1562 240 1605 sua
253 1541 431 1625 complevit,
447 1563 504 1626 pro
518 1565 591 1626 quo,
606 1544 920 1628 cytherealaboras,

100 1645 272 1729 Tempora,
289 1647 443 1729 perfectis,
459 1670 537 1731 quos
552 1659 642 1712 terrae
658 1650 776 1729 debuit,
793 1650 894 1715 annis.

101 1750 150 1814 Ut
164 1752 242 1815 deus
256 1752 387 1816 accedat
401 1751 492 1831 coelo,
508 1754 692 1838 templisque
708 1756 836 1834 colatur,

100 1856 157 1920 Tu
172 1856 277 1935 facies,
292 1868 445 1941 natusque
461 1880 545 1936 suus,
561 1860 615 1941 qui
630 1860 764 1923 nominis
780 1861 879 1939 heres,

103 1961 288 2044 Impositum
303 1962 382 2026 feret
396 1963 489 2026 Urbis
504 1984 593 2042 onus,
610 1964 745 2047 caesique
761 1964 897 2047 parentis

103 2064 137 2129 N
138 2081 173 2129 os
188 2067 220 2130 in
236 2067 317 2131 bella
332 2087 404 2130 suos
420 2066 603 2130 fortissimus
618 2067 699 2131 ultor
714 2068 850 2132 habebit.

102 2171 190 2235 Illius
205 2172 349 2255 auspiciis
363 2170 497 2235 obsessae
513 2172 628 2236 moenia
645 2188 756 2255 pacem

104 2277 198 2340 Victa
212 2286 320 2360 petent
334 2276 486 2341 Mutine:
511 2276 669 2341 Pharsalia
684 2278 796 2343 sentiet
811 2278 909 2359 illum,

105 2380 325 2464 AEmatbibque
339 2381 451 2445 iterum
466 2383 737 2448 madefacticaede
753 2384 906 2469 Philippi:

105 2487 147 2551 Et
161 2508 310 2570 magnum
326 2487 440 2551 Siculis
454 2508 569 2551 nomen
585 2488 779 2571 superabitur
793 2490 904 2556 undis:

104 2588 302 2676 Romanique
318 2591 407 2657 ducis
423 2592 537 2678 conjux
553 2591 711 2675 AEgpptia,
727 2594 820 2658 tsedae

104 2698 179 2763 Non
195 2698 276 2762 bene
292 2695 358 2776 tiss,
375 2697 484 2761 cadet:
510 2696 683 2780 frustraque
698 2698 757 2761 erit
771 2698 821 2763 illa
837 2699 956 2790 minata

102 2803 263 2868 Servitura
278 2825 335 2867 suo
349 2803 503 2887 Capitolia
518 2812 623 2868 nostra
636 2804 779 2887 Canopo.

101 2908 195 2978 Quid
210 2908 265 2972 tibi
280 2907 468 2988 Barbariem,
483 2920 593 2992 gentes
607 2908 648 2973 ab
664 2919 795 2994 utroque
807 2912 948 2997 jacentes

102 3014 246 3092 Oceano,
261 3016 446 3077 numerem?
492 3014 716 3097 Quodcunque
732 3015 900 3080 habitabile
916 3016 1008 3081 tellus

103 3119 256 3197 Sustinet,
273 3118 364 3203 hujus
379 3117 454 3182 erit:
479 3128 593 3201 pontus
609 3120 733 3201 quoque
749 3120 861 3183 serviet
875 3116 928 3185 illi.

103 3225 186 3288 Pace
202 3224 277 3287 dart
291 3223 388 3301 terris,
403 3223 542 3286 aninum
556 3224 598 3286 ad
613 3223 715 3287 civilia
730 3234 831 3288 vertet

100 3328 179 3392 Jura
193 3350 296 3407 suum,
311 3327 457 3412 legesque
474 3328 552 3391 feret
562 3329 749 3414 justissimus
764 3340 890 3395 auctor·

103 3433 318 3516 Exemploque
333 3454 391 3496 suo
405 3454 506 3496 mores
521 3446 625 3517 reget:
651 3436 744 3517 inque
761 3435 854 3501 futuri

101 3538 268 3621 Temporis
283 3548 419 3617 aetatem,
436 3550 698 3622 venturorumque
713 3550 875 3625 nepotum,

101 3643 307 3728 Prospiciens,
324 3641 443 3726 prolem
456 3644 566 3707 sancti
580 3645 622 3707 de
635 3647 770 3729 conjuge
785 3631 891 3709 natam

1059 3222 1125 3293 285
