2567 4209
526 301 623 351 BOOK
647 302 681 350 ll.
793 314 796 320 ’

86 464 170 529 Non
186 468 365 533 auditurum
376 468 722 533 miseras-Phaethonta
737 470 877 554 querelas

86 572 200 634 Nocte
217 573 329 655 dieque
346 585 468 652 vocant,
484 576 767 658 adsternunturque
783 574 936 658 sepulcro.

84 675 188 739 Luna
203 688 311 759 quater
322 678 439 763 junctis
455 678 597 761 implerat
612 680 757 742 cornibus
773 680 900 757 orbem;

87 779 161 843 lllae
177 802 264 844 more
280 803 337 845 suo
357 782 444 871 (nam
459 804 576 846 morem
594 784 712 847 fecerat
728 783 817 870 usus)

88 884 282 967 Plangerem
298 888 459 950 dederant.
507 888 532 950 E
549 886 618 970 quis
634 888 824 966 Phaethusa,
840 909 978 953 sororum
1052 890 1119 953 345

89 988 333 1067 Maxima,cl1m
350 990 442 1053 vellet
457 1002 547 1054 terrae
564 993 778 1074 procumbere,
795 1002 905 1075 questa
920 1001 969 1055 est

90 1093 268 1177 Diriguisse
284 1097 398 1177 pedes:
424 1097 464 1160 ad
480 1117 574 1179 quarn
590 1107 704 1160 conata
719 1097 824 1160 venire

91 1199 243 1262 Candida
257 1198 431 1282 Lampetie,
447 1202 550 1265 subita
564 1201 669 1265 radice
685 1214 807 1265 retenta
821 1213 879 1265 est.

90 1304 216 1381 Tertia,
233 1304 595 1369 camerinam-manibus
610 1306 727 1369 laniare
743 1318 875 1389 pararet,

94 1407 216 1489 Arellit
230 1409 366 1472 frondes.
413 1409 495 1472 Haec
509 1410 613 1492 stipite
628 1432 717 1474 crura
733 1411 843 1488 teneri,
1054 1414 1122 1476 ³50

95 1513 157 1578 Illa
172 1513 258 1577 dolet
274 1514 340 1577 lieri
355 1514 463 1597 longos
478 1536 536 1578 sua
550 1516 677 1578 brachia
691 1538 802 1580 ramos.

97 1618 189 1687 Quid
206 1618 300 1683 faeiat
315 1622 437 1683 mater?
460 1620 528 1698 nisi,
545 1620 607 1703 quo
623 1622 724 1684 trahat
739 1622 874 1704 impetus
889 1622 983 1701 illam,

97 1723 176 1787 Huc
191 1734 242 1787 eat
257 1734 350 1807 atque
366 1723 461 1787 illue?
485 1736 527 1802 et,
543 1727 620 1788 dum
636 1725 719 1803 licet,
734 1726 842 1791 oscula
853 1727 988 1812 jungat?

100 1830 176 1893 Non
192 1830 264 1892 satis
279 1841 337 1893 est.
383 1829 517 1892 Truncis
532 1829 665 1893 avellere
680 1853 812 1913 corpora
827 1842 937 1910 tentat,

101 1933 145 1995 Et
160 1945 282 1996 teneros
297 1933 440 1996 manibus
456 1955 557 1996 ramos
573 1935 774 2015 abrumpere:
799 1934 921 1998 atinde
1054 1938 1122 2000 355

102 2038 292 2121 Sanguinem
308 2048 447 2115 manant,
464 2047 612 2120 tanquam
629 2039 669 2101 de
685 2038 822 2126 vulnere,
837 2050 946 2121 guttae.

103 2142 229 2221 ‘Parce,
245 2162 364 2225 precor,
380 2142 499 2219 mater,'
517 2163 714 2224 quaecunque
729 2153 777 2205 est
791 2142 907 2221 saucia,
922 2142 1054 2209 claritat:

104 2247 230 2324 ‘Parce,
246 2267 373 2329 precor:
400 2257 539 2309 nostrum
554 2246 687 2311 laniatur
701 2246 733 2310 in
749 2248 859 2311 arbore
873 2269 997 2331 corpus.

103 2350 234 2433 Jamque
250 2350 339 2416 ¹vale?
386 2351 502 2415 Cortex
517 2352 549 2414 in
566 2353 661 2416 verba
675 2352 842 2417 normeima
856 2352 952 2417 venit.

104 2456 182 2519 Inde
197 2456 298 2519 lluunt
312 2455 469 2539 lacrymae,
485 2456 658 2539 stillataque
673 2456 738 2520 sole
754 2457 914 2540 rigescunt
1056 2457 1124 2525 ³60

104 2559 153 2624 De
168 2560 260 2624 ramis
275 2561 390 2625 electra
405 2560 502 2637 novis,
518 2582 589 2643 quae
606 2561 728 2624 lucidus
743 2562 845 2625 amnia

104 2665 237 2747 Excipit,
253 2676 286 2728 et
301 2665 428 2729 nuribus
444 2664 538 2728 mittit
551 2667 704 2747 gestanda
718 2664 850 2729 Latinis.

418 2914 487 2955 THE
511 2914 618 2955 taoni:
643 2913 684 2955 OF
708 2913 803 2957 am.

549 3068 577 3110 v.
600 3050 676 3111 760.

105 3186 248 3253 Protinus
263 3184 393 3249 lnvidiae
411 3184 499 3267 nigro
514 3183 697 3266 squallentia
713 3184 788 3248 tabo

105 3291 204 3355 Tecta
220 3289 307 3371 petit.
353 3288 473 3351 Domus
489 3298 537 3351 est
551 3287 620 3351 imis
637 3288 670 3351 in
686 3289 815 3353 vallibus
830 3290 910 3355 antri

108 3392 311 3470 Abdita,-sole
327 3413 446 3471 carens,
462 3414 525 3456 non
538 3392 597 3455 ulli
603 3394 827 3474 pervia-vento
839 3417 848 3474 ;
1059 3397 1126 3460 365

106 3499 224 3575 Tristis,
241 3512 273 3561 et
289 3498 393 3580 ignavi
409 3497 585 3581 plenissima
601 3496 732 3581 frigoris,
748 3510 780 3563 et
795 3522 867 3584 quae

107 3606 181 3687 Igne
196 3612 287 3667 vacet
301 3622 435 3683 semper,
451 3602 583 3685 caligine
599 3624 723 3685 semper
737 3604 887 3668 abundet.

107 3708 178 3774 Huc
193 3707 246 3772 ubi
261 3707 403 3790 pervenit
417 3706 490 3770 belli
504 3708 676 3770 metuenda
690 3708 806 3789 virago,
