2567 4209
555 300 653 349 BOOK
674 300 721 350 IV.

99 464 131 528 E
149 468 278 549 quibus
295 469 352 535 illa
367 470 425 535 suit
439 470 534 553 longi
548 471 729 553 dignissima
743 470 827 548 ritri3

99 570 232 637 Nostra
249 597 376 639 nocens
391 576 495 639 anima
510 586 567 639 est.
586 624 597 639 r
614 576 684 658 Ego
699 586 740 655 te,
756 576 941 653 miseranda,
958 575 1086 658 peremi,

99 675 142 740 In
160 676 238 743 loca
256 679 357 763 plena
371 681 481 759 mettis,
497 682 549 763 qui
563 681 650 766 jussi,
667 690 759 744 nocte
775 680 916 759 venires;
1109 683 1153 745 40

101 781 182 847 Nec
198 783 294 866 prior
312 786 374 849 huc
390 786 471 849 reni.
518 786 670 849 Nostrum
685 785 822 850 divellite
838 807 961 868 corpur,

100 885 147 949 Et
164 888 335 953 scelerata
351 890 416 953 sero
431 891 870 969 consumite-visceramoreu,

100 991 135 1053 Ο
153 992 352 1077 quicunque
369 996 426 1058 sub
441 996 500 1060 hac
515 996 661 1059 habitatis
677 1017 765 1078 rupe,
782 996 899 1059 leones.

103 1096 178 1160 Sed
196 1098 311 1162 timidi
326 1110 374 1163 est
389 1110 496 1182 optare
512 1101 644 1163 aecem!
691 1100 856 1165 Velamina
870 1100 1004 1164 Thisbes

102 1202 225 1281 Tollit,
244 1216 283 1267 et
298 1206 340 1268 ad
357 1215 457 1287 pactae
474 1226 579 1268 secum
596 1206 656 1268 fert
670 1205 786 1268 arboris
802 1205 953 1269 umbram.
1106 1210 1150 1271 45

102 1306 224 1390 thue
242 1310 338 1373 dedit
353 1322 436 1373 notae
452 1310 614 1393 lacrymas,
630 1310 718 1373 dedit
732 1309 839 1373 oscula
854 1310 949 1373 vesti:

107 1411 262 1496 ‘Accipe
282 1415 388 1492 nunc,’
406 1414 516 1497 inquit,
535 1414 650 1477 ‘nostri
666 1435 790 1497 quoque
806 1415 965 1497 sanguinis
980 1415 1148 1480 haustuaz'

108 1511 262 1596 Quoque
282 1526 349 1577 erat
364 1515 531 1593 accinctus,
548 1514 683 1579 demittit
697 1515 729 1577 in
747 1513 798 1578 ilia
813 1514 938 1579 ferrum.

107 1617 187 1681 Nec
204 1640 321 1697 mora;
344 1619 474 1683 ferventi
491 1620 625 1683 moriens
640 1642 659 1683 e
675 1620 800 1683 vulnere
817 1620 918 1684 traxit.

108 1722 158 1785 Ut
173 1724 284 1807 jacuit
299 1724 461 1807 resupinus
476 1724 573 1802 humi,
589 1747 680 1788 cruor
694 1725 808 1789 emicat
822 1725 904 1805 alte,
1105 1729 1149 1790 50

110 1826 191 1891 Non
208 1829 313 1906 aliter,
329 1830 423 1912 quam
438 1831 509 1893 cirm
525 1830 632 1893 vitiato
648 1830 751 1893 fistula
767 1830 894 1915 plumbo

115 1933 298 2011 Scinditur,
315 1946 347 1997 et
363 1944 473 1997 tenues
491 1935 639 1997 stridente
655 1936 805 1998 foramine
822 1934 915 2016 longe

116 2034 305 2121 Ejaculatur
320 2061 426 2121 aquas,
441 2049 535 2121 atque
551 2038 664 2102 ictibus
678 2042 752 2101 aira
767 2037 892 2120 rumpit.
991 2026 996 2035 ’

88 2220 92 2227 .
116 2140 257 2207 Arborei
274 2144 366 2206 foetus
382 2144 566 2226 adspergine
582 2144 678 2207 credis
693 2143 725 2206 in
741 2154 839 2206 atram

115 2246 298 2313 Vertuutur
314 2249 444 2327 saciem3
468 2250 705 2331 madefactaque
721 2248 871 2331 sanguine
887 2248 974 2313 radix
1103 2252 1147 2314 55

117 2349 276 2417 Poenioeo
292 2354 403 2436 tinguit
418 2354 588 2437 pendentia
602 2375 689 2417 mora
704 2354 818 2418 colore.

167 2457 267 2536 Ecce,
283 2469 369 2521 metu
385 2459 525 2522 nondum
541 2460 651 2540 posito,
669 2481 708 2522 ne
724 2459 811 2522 fallat
824 2452 993 2539 amantem,

120 2558 180 2624 Illa
197 2564 289 2639 redit,
303 2564 512 2648 juvenemque
528 2562 627 2626 oculis
641 2563 809 2646 animoque
826 2564 961 2646 requirit,

123 2664 318 2750 Quantaque
334 2668 446 2745 vitarit,
462 2690 584 2731 narrare
600 2667 737 2751 pericula
752 2668 852 2750 gestit.

122 2768 233 2854 thue
250 2773 363 2850 locum,
380 2783 412 2837 et
427 2794 546 2836 versam
558 2773 705 2855 coguovit
720 2773 751 2835 in
767 2773 875 2835 arbore
892 2772 1033 2851 sormam,
1102 2774 1146 2837 60

128 2875 201 2961 (Sic
217 2878 291 2941 facit
305 2878 455 2941 incertam
471 2878 553 2961 pomi
570 2876 670 2963 color)
688 2878 794 2955 haeret,
810 2900 851 2941 an
867 2878 937 2940 lraec
951 2877 1000 2940 rit.

124 2978 211 3045 Dum
226 2983 357 3060 dubitat,
374 2982 578 3046 tremebunda
593 2982 679 3045 videt
694 2982 814 3065 pulsare
831 2993 995 3046 cmentum

125 3082 270 3151 Membra
285 3087 395 3165 solum,
411 3098 553 3169 retroque
570 3086 684 3168 pedem
700 3087 788 3163 tulit;
812 3107 927 3167 oraque
941 3085 1027 3149 buxo

126 3188 289 3255 Pallidiora
302 3214 424 3275 gerens,
440 3192 606 3268 exhorruit,
623 3190 755 3271 mquoris
770 3190 875 3267 instar,

128 3294 224 3363 Quod
240 3297 353 3374 tremit,
369 3296 481 3378 exigua
497 3297 568 3359 cirm
583 3316 738 3359 summum
755 3294 913 3377 stringitur
927 3295 1013 3358 anri.
1034 3354 1038 3359 .
1100 3296 1144 3359 65

128 3400 192 3463 Sed
208 3412 370 3485 postquam
386 3412 538 3464 remorata
553 3422 624 3463 suos
641 3400 787 3481 cognovit
801 3421 932 3478 amores,

128 3505 263 3570 Perculit
277 3506 422 3587 indignos
438 3505 521 3569 claro
537 3505 685 3587 plangore
701 3506 848 3582 lacertos3

128 3608 177 3689 Et,
193 3611 309 3675 laniata
323 3632 438 3689 comas,
454 3610 786 3693 amplexaque-corpus
802 3619 951 3687 amatum,

128 3714 263 3780 Vulnera
277 3714 431 3798 supplevit
446 3714 597 3797 lacrymis,
613 3715 784 3795 fletumque
800 3713 901 3777 cruori

434 3825 454 3882 5
464 3821 483 3860 rr
