2567 4209
145 318 210 381 150
419 312 540 362 OVID'S
561 308 892 362 sturmomosus.

142 480 397 565 Faunigcnreque
410 482 507 546 domo
520 482 637 566 potitur
653 481 788 565 ustisque
803 479 921 557 Latini,
1161 476 1184 541 Β

143 586 219 651 Non
233 587 300 652 sinc
315 586 420 651 Marte
434 596 550 651 tamem
596 586 720 650 Bellum
734 608 808 650 cum
822 595 919 668 gente
935 581 1039 647 feroci

145 691 330 776 Suscipitur‚
345 693 499 775 pactique
516 691 589 755 furit
603 712 661 775 pro
676 692 810 776 conjuge
825 690 966 753 Turnus.

188 795 353 861 Concurrit
368 796 461 861 Latio
474 797 649 881 Tyrrhenia
665 806 748 860 tots:
773 796 890 877 diuque

144 900 254 965 Ardua
267 901 404 965 sollicitis
420 902 547 966 victoria
560 902 710 984 quaeritur
724 900 827 964 armis.

144 1004 250 1088 Auget
266 1016 396 1089 uterque
411 1027 484 1071 suas
497 1016 628 1070 externo
642 1006 752 1070 robore
769 1005 866 1067 vires:

145 1110 188 1174 Et
201 1108 290 1174 multi
306 1111 451 1188 Rutulos,
466 1110 556 1175 multi
570 1112 708 1196 Trojano
724 1120 852 1174 tuentur

143 1212 264 1279 Castra.
310 1215 424 1299 Neque
439 1214 558 1279 AEueas
573 1216 711 1279 Evandri
726 1216 768 1279 ad
783 1214 890 1279 limina
905 1212 1036 1290 luntre,

145 1320 190 1385 At
204 1320 345 1385 Venulus
359 1344 506 1405 maguam
521 1322 644 1404 profugi
659 1321 822 1385 Diomedis
837 1320 878 1384 ad
894 1318 1007 1381 urbem

148 1426 293 1491 Venerat.
338 1425 394 1489 llle
409 1426 536 1509 quidem
551 1426 609 1490 sub
624 1427 742 1509 Iapyge
757 1426 893 1489 maxima
908 1422 1033 1487 Dauno

146 1529 267 1594 Moenia
280 1530 473 1607 condiderat,
489 1530 667 1613 dotaliaque
682 1552 756 1595 arva
770 1530 908 1593 tenebat.
1144 1526 1186 1587 15

146 1634 212 1697 Sed
227 1632 368 1697 Venulus
382 1633 483 1697 Turni
498 1645 665 1717 postquam
679 1636 828 1699 mandata
842 1633 975 1717 peregit,

145 1736 366 1819 Auxiliumque
381 1737 460 1819 petit
469 1761 479 1816 ;
501 1739 582 1803 vires
598 1739 732 1803 AEtolius
748 1738 840 1802 beros

146 1842 300 1905 Excusat:
324 1862 386 1906 nec
400 1864 434 1907 se
449 1844 548 1907 soceri
562 1845 757 1907 committere
773 1860 889 1926 pugnae

145 1946 235 2012 Velle
250 1948 298 2011 sui
313 1948 462 2032 populos:
486 1969 557 2027 nee,
571 1970 650 2031 quos
664 1969 684 2011 c
699 1959 794 2031 geute
810 1968 937 2011 suorum

147 2050 267 2132 Armet,
282 2053 396 2117 habere
411 2054 501 2117 viros.
547 2053 657 2116 Rutuli
673 2054 740 2117 sine
756 2053 871 2117 viribus
886 2051 946 2115 illis
1140 2052 1184 2112 20

146 2154 235 2219 Bella
249 2156 399 2221 instructa
411 2168 541 2240 gerunt:
565 2157 761 2241 multumque
776 2157 817 2221 ab
833 2157 963 2238 utreque
979 2154 1111 2219 cruoris

146 2260 238 2323 Parte
253 2262 354 2323 datur.
400 2261 474 2325 Fert
487 2283 563 2326 ecce
577 2262 685 2325 aridus
700 2262 732 2325 in
749 2262 843 2344 pinea
857 2263 986 2325 Tucuus

146 2363 250 2426 Texta
264 2362 364 2427 facoe:
389 2365 538 2448 ignesque
553 2367 675 2443 timent,
691 2366 804 2448 quibus
819 2365 907 2429 unda
921 2363 1080 2446 pepercit.

191 2464 323 2550 Jamque
338 2469 451 2551 picem,
468 2479 501 2532 ct
515 2492 611 2548 ceras,
627 2471 837 2553 alimentaque
853 2480 959 2533 cetera
974 2468 1122 2531 llammae

146 2570 302 2636 Mulciber
317 2574 435 2651 urebat,
452 2595 567 2657 perque
582 2575 680 2638 altum
695 2577 736 2639 ad
752 2575 879 2639 carbasa
894 2572 1016 2636 malum
1140 2574 1183 2635 25

146 2664 226 2753 Ibat,
242 2686 275 2739 et
289 2676 426 2741 incurvae
442 2678 603 2741 fumabant
618 2689 750 2743 transtra
765 2680 898 2743 carinae:

146 2776 227 2841 Cirm
241 2800 361 2842 memor
376 2781 431 2843 has
446 2781 537 2863 pinus
552 2782 639 2844 Idaeo
654 2783 770 2846 vertice
786 2802 883 2845 caesas

148 2881 267 2945 Sancta
280 2882 374 2945 deum
388 2884 531 2965 genitrix,
546 2885 709 2948 tinnitibus
724 2889 799 2951 a‘e'ra
813 2885 893 2968 pulsi
927 2922 929 2926 ·

148 2984 241 3065 AEris,
256 2996 289 3049 et
304 2986 401 3050 inflati
416 2987 583 3069 complevit
597 3010 755 3051 murmure
771 2989 855 3052 buri.

148 3090 268 3173 Perque
283 3090 366 3155 leves
382 3091 506 3155 domitis
521 3092 645 3155 invecta
659 3093 800 3156 leonibus
815 3112 921 3171 auras,
1140 3099 1185 3159 30

149 3197 257 3260 ‘Irrita
271 3196 421 3278 sacrilegis
431 3197 529 3279 jactas
544 3196 690 3259 incendia
704 3197 824 3274 dextra,

148 3300 277 3375 Tume,'
293 3300 346 3361 ait.
393 3299 570 3381 ‘Eripiam3
593 3320 663 3376 nec,
678 3320 728 3362 me
745 3301 894 3381 patiente,
910 3301 1069 3365 cremabit

149 3402 233 3483 Ignis
248 3402 329 3465 edax
344 3421 505 3463 nemorum
521 3414 625 3481 partes
638 3414 670 3465 et
686 3404 825 3467 membra
839 3404 1007 3467 meorum.'

148 3504 287 3566 Intonuit
302 3502 426 3563 dicente
441 3502 518 3563 det:
543 3506 752 3585 tonitrumque
768 3507 867 3569 secuti

148 3604 230 3665 Cum
245 3603 373 3664 saliente
385 3621 494 3683 graves
509 3605 691 3668 ceciderunt
704 3609 856 3686 grandine
871 3609 988 3673 nimbi:
1139 3619 1183 3681 35

150 3706 304 3785 Aeraque,
320 3713 352 3765 et
366 3704 475 3765 subitis
490 3706 642 3769 tumidtuu
658 3710 859 3775 concursibus
874 3732 984 3794 aequor
