2567 4209
157 310 219 373 ηε
496 305 615 356 ovms
637 304 829 356 amoinus.

154 476 271 561 Sospes
285 477 327 541 ad
342 476 525 541 Haemonias
540 478 699 561 victorque
714 476 875 541 reverteris
889 474 1001 541 nrbes:
1116 478 1176 539 1515

197 582 326 646 Ponitur
340 585 381 648 ad
397 583 512 667 patrios
527 604 622 647 aurea
636 582 709 647 lana
722 583 809 647 deos.

153 688 242 759 Quid
258 688 388 753 reseram
404 688 497 753 Peliae
515 698 603 753 natas
618 689 734 771 pietate
749 697 900 751 nocentes

195 793 347 875 Caesaque
364 794 502 877 virginei
516 794 657 857 membra
670 803 801 876 patema
814 794 933 856 manui

151 898 196 963 Ut
211 898 339 981 culpent
353 898 415 977 alii,
432 899 487 963 tibi
502 919 553 962 me
568 898 697 962 laudare
712 919 841 961 neeesse
855 908 915 976 est,

195 1003 257 1067 Pro
271 1024 335 1086 quo
349 1024 418 1067 sum
434 1004 526 1067 toties
541 1024 609 1067 esse
625 1014 735 1069 coacta
750 1024 879 1067 uooens.
1113 1006 1176 1067 130

151 1107 256 1172 Ausus
271 1130 305 1172 es
320 1130 350 1187 o,
369 1110 467 1197 (justo
481 1110 597 1172 desunt
611 1130 668 1172 sua
682 1108 777 1172 verbo
791 1106 905 1196 dolori)

195 1213 300 1279 Ausus
314 1236 359 1294 es,
376 1214 544 1292 ‘AEsoniiss
561 1214 677 1292 dicere,
693 1215 791 1278 ‘oede
805 1213 921 1277 domo?

150 1320 242 1384 Jussa
257 1321 353 1384 domo
367 1319 457 1398 cessi,
473 1320 554 1383 natis
569 1320 717 1383 comitata
731 1320 863 1397 duobus,

196 1427 246 1504 Et,
263 1426 316 1509 qui
331 1448 381 1489 me
397 1426 534 1509 sequitur
549 1446 682 1507 sempor,
696 1446 803 1488 amore
817 1425 873 1487 tui.

149 1530 195 1595 Ut
210 1531 311 1594 subito
326 1541 446 1595 nostras
461 1530 588 1614 Hymen
604 1540 746 1595 cantatus
759 1529 802 1593 ad
816 1548 906 1593 aures
1110 1533 1173 1595 135

194 1635 298 1713 Venit,
315 1645 347 1699 et
361 1656 495 1699 acoenso
510 1636 670 1718 lampades
685 1636 757 1718 igue
771 1635 899 1713 minent,

149 1740 303 1823 Tibiaque
318 1740 452 1803 effundit
468 1740 593 1804 socialia
608 1739 746 1804 earmina
760 1739 857 1817 vobis,

194 1846 238 1910 At
253 1846 328 1910 mihi
344 1846 468 1909 funesti
482 1845 631 1910 flebiliora
647 1844 740 1923 tubi3

149 1953 317 2031 Pertimui3
341 1974 401 2017 neo
415 1951 519 2015 adhue
535 1962 657 2015 tantum
672 1950 773 2014 soelus
787 1972 855 2013 esse
871 1950 1043 2035 putabam:

195 2059 260 2121 Sed
276 2057 428 2121 tamenin
445 2066 511 2121 toto
526 2068 653 2139 pectore
668 2056 763 2139 frigus
778 2065 854 2119 erat.
1111 2060 1172 2121 140

149 2163 257 2228 Turba
268 2174 378 2227 ruunt:
403 2172 445 2241 et,
459 2161 627 2246 ‘Hymen,'
640 2161 794 2237 clumam:
825 2160 1036 2247 ‘Hymenaee
1048 2162 1110 2227 fre·

326 2278 486 2350 quentant

193 2370 270 2440 Quo
286 2372 409 2455 propior
425 2394 484 2437 vox
501 2372 579 2450 haee,
596 2372 657 2436 hoc
672 2372 748 2435 mihi
764 2372 852 2457 pejus
866 2379 943 2435 erat

148 2476 269 2540 Diversi
283 2478 400 2541 flebant
415 2478 504 2557 servi,
521 2478 733 2561 lacrymasque
749 2478 907 2561 tegebant.

193 2582 275 2653 Quis
290 2582 383 2647 vellet
397 2584 475 2647 tanti
491 2583 619 2648 nuntius
634 2604 703 2647 esse
718 2583 813 2647 mali?

147 2687 202 2751 Me
219 2689 353 2771 quoque,
369 2689 516 2771 quioquid
533 2698 608 2765 orat,
624 2688 728 2772 potiris
742 2689 863 2753 nescire
875 2688 1024 2773 juvabat3
1107 2692 1169 2753 145

192 2793 268 2869 Sed,
284 2803 432 2876 tanquam
448 2794 569 2869 scirem,
586 2813 675 2857 meus
690 2814 761 2856 mea
775 2793 869 2856 tristis
883 2802 960 2857 erat.

146 2895 227 2959 Ciun
243 2896 375 2959 minore
392 2897 504 2979 pueris,
517 2898 631 2982 jussus,
648 2898 813 2980 studioque
828 2897 967 2976 videndi,

190 3000 337 3067 Constitit
352 3001 393 3065 ad
408 3001 541 3085 geminae
557 3000 664 3065 limina
679 3003 779 3084 prima
794 3002 884 3066 ioris:

146 3106 210 3171 Hie
224 3108 310 3186 mihi,
328 3107 459 3187 ‘Mater,
475 3107 544 3185 abi;
568 3128 715 3190 pompam
731 3108 839 3190 pater,'
857 3106 968 3189 inquit,
985 3106 1106 3173 ‘Jason

190 3212 304 3291 Dueit3
328 3224 361 3276 et
375 3214 539 3298 adjunctos
554 3232 667 3276 aureus
683 3223 772 3295 urget
786 3213 904 3295 equos?
1108 3219 1169 3279 150

145 3316 289 3381 Protinus
304 3316 441 3381 abscissi
456 3317 560 3399 planxi
575 3338 646 3381 mea
661 3327 788 3399 pectora
802 3328 905 3382 veste:

189 3421 273 3485 Tuta
289 3442 349 3483 noo
364 3441 383 3483 a
398 3421 501 3501 digitis
516 3442 571 3483 oro
586 3422 673 3483 fuere
688 3422 775 3483 mois.

144 3524 193 3586 Ire
208 3524 330 3584 animus
346 3522 457 3585 mediae
475 3523 626 3584 suadebat
640 3524 672 3585 iu
688 3525 816 3604 agmina
830 3525 942 3604 turbas,

189 3625 341 3704 Sertaque
357 3622 536 3705 compositis
551 3624 677 3686 demere
692 3636 779 3707 rapta
795 3626 904 3691 comis.
