2567 4209
177 288 222 352 34
454 284 573 335 OVlD'S
594 284 924 335 Mutanonrflosns

179 452 216 515 ln
231 453 361 535 putrium
376 462 465 536 rapta
478 464 543 518 ert:
567 453 621 517 ubi
636 453 699 517 fixa
713 453 876 519 cacumine
891 453 1013 515 montis

178 556 332 641 Liquitur,
347 570 380 622 et
393 558 545 642 lacrymas
559 559 731 621 etiamnum
747 579 900 621 marmora
914 566 1065 620 manant.
1149 559 1201 619 165

466 806 595 848 raucit!
619 806 685 847 m)
708 804 907 847 Puteolanus.

622 959 653 999 r.
669 940 745 1001 620.

223 1076 274 1141 Ad
289 1088 420 1141 matrem
435 1076 580 1140 veniebat
594 1076 669 1159 itys.
717 1076 805 1145 Quid
820 1075 925 1157 possit,
943 1074 985 1136 ab
1002 1074 1061 1137 illo

178 1180 348 1246 Admonita
363 1191 419 1258 est,
434 1180 594 1263 oculisque
609 1190 701 1243 tuens
716 1179 893 1255 immitibus
911 1177 984 1240 ‘Ah
999 1180 1106 1260 quim

178 1286 221 1349 Es
236 1286 340 1349 similis
355 1286 434 1369 patri
445 1285 470 1349 l'
494 1285 582 1348 dixit.
630 1282 701 1347 Nee
716 1283 804 1367 plura
820 1282 933 1359 locuta,

176 1390 279 1453 Triste
295 1400 384 1472 parat
397 1390 529 1466 lacinus,
545 1388 701 1469 tacitique
717 1397 867 1449 exaestuat
882 1386 936 1449 irt.

219 1494 265 1556 Ut
280 1505 384 1555 tamen
400 1494 530 1556 accessit
544 1503 646 1569 natus,
662 1492 812 1573 matrique
828 1491 959 1553 salutern
1146 1497 1202 1555 170

177 1596 300 1672 Attulit,
316 1606 349 1658 et
363 1596 464 1677 parvis
478 1596 610 1659 adduxit
624 1596 705 1661 eolla
719 1596 850 1672 lacertis,

176 1697 338 1779 Mixtaque
352 1696 509 1760 blanditiis
525 1698 692 1779 puerilibus
707 1697 813 1761 oscula
825 1697 937 1781 junxit,

176 1802 266 1866 Mota
280 1802 406 1884 quidem
421 1810 469 1863 est
483 1802 626 1885 genitrix,
641 1802 834 1883 infractaque
850 1800 988 1863 constitit
1003 1801 1072 1865 ira:

176 1906 329 1989 invitique
345 1907 426 1971 oculi
440 1906 582 1990 lacrymis
596 1907 746 1970 maduere
761 1905 886 1969 coactis.

177 2013 241 2076 Sed
258 2011 347 2075 simul
362 2034 401 2075 ex
417 2012 514 2075 nimii
527 2021 655 2074 matrem
672 2010 786 2093 pietate
803 2010 904 2073 labare
1144 2016 1198 2075 175

177 2118 291 2194 Sensit,
307 2117 348 2179 ab
363 2116 423 2178 hoc
437 2117 549 2179 iterum
563 2125 611 2179 est
625 2116 666 2178 ad
683 2114 786 2177 vultus
801 2135 887 2177 versa
902 2114 1034 2190 sororis3

175 2220 274 2301 lnque
290 2220 391 2282 vieern
405 2230 549 2300 spectans
564 2219 682 2296 ambos,
700 2218 782 2281 ‘Cur
797 2218 962 2295 admovet,'
979 2218 1099 2301 inquit,

177 2323 285 2386 ‘Alter
299 2323 473 2399 blanditias,
489 2325 577 2405 rapti
591 2323 661 2387 silet
675 2322 770 2387 altera
787 2323 911 2405 lingui?

176 2429 283 2498 Quam
299 2438 389 2491 vocat
404 2428 455 2491 hie
469 2439 610 2505 matrem,
625 2450 681 2491 cur
696 2449 759 2491 non
775 2438 866 2490 vocat
881 2426 932 2489 illa
946 2432 1115 2493 sororem?

175 2532 234 2597 cui
250 2534 290 2597 sis
306 2543 414 2615 nupta,
430 2533 512 2610 vide,
529 2533 690 2596 Pandione
706 2542 789 2609 nata,
805 2532 925 2595 marito.
1141 2539 1198 2599 180

175 2638 371 2721 Degeneres:
396 2638 496 2703 seelus
511 2647 558 2701 est
574 2638 671 2719 pietas
687 2637 719 2699 in
735 2637 867 2720 conjuge
882 2635 1005 2699 Tere0.'

175 2743 246 2805 Nec
261 2764 365 2819 mora3
389 2743 480 2805 traxit
495 2743 577 2825 ltyn,
592 2741 688 2805 veluti
704 2741 878 2823 Gangetica
894 2762 993 2804 eervae

174 2846 358 2909 Lactantem
375 2846 484 2909 soetutn
500 2867 555 2927 per
569 2845 661 2909 silvas
677 2846 762 2929 tigris
778 2866 901 2928 opacas.

174 2951 280 3032 thue
296 2951 406 3014 domus
420 2950 491 3013 eltae
507 2960 626 3031 partem
641 2953 770 3014 tenuere
786 2960 946 3026 remotam,

175 3055 435 3137 Tendentemque
451 3074 571 3130 manus,
588 3054 696 3137 etjam
712 3074 767 3116 sua
783 3054 846 3117 fata
861 3054 1031 3131 videntem,
1135 3059 1193 3121 185
1251 3050 1252 3095 7

175 3161 216 3221 Et
233 3168 360 3236 ‘maten
376 3159 494 3235 mater,’
511 3159 707 3234 clamantem,
724 3167 756 3219 et
771 3158 850 3221 eolla
867 3167 1026 3240 petentem

175 3262 258 3324 Ense
275 3262 345 3325 serit
360 3261 490 3338 Procne,
505 3262 593 3326 lateri
609 3263 672 3343 qud
687 3272 795 3343 pectus
809 3262 966 3325 adhaeret:

175 3365 245 3429 Nec
260 3366 378 3428 vultum
393 3366 513 3428 avertit
559 3366 641 3429 Satis
657 3366 699 3427 illi
714 3366 755 3428 ed
772 3366 836 3429 fata
850 3366 900 3429 vel
915 3387 1012 3427 unum

175 3468 296 3531 Vulnus
310 3479 395 3546 erat3
415 3468 557 3553 jugulum
573 3470 655 3532 ferro
669 3469 839 3533 Philomela
854 3470 987 3533 resolvit.

176 3574 315 3655 Vivaque
330 3573 444 3649 adhue,
459 3573 634 3654 animaeque
649 3573 765 3655 aliquid
781 3574 945 3637 retinentia
960 3573 1101 3639 membra
1130 3580 1188 3641 190

175 3678 343 3739 Dilaniant.
388 3676 464 3738 Pars
477 3675 551 3736 inde
567 3676 651 3737 eavis
666 3675 800 3737 exsultat
814 3676 939 3753 ahenis3
