2567 4209
539 290 636 339 soor
660 290 691 337 v.
1083 299 1127 363 73

128 456 249 523 Haud
264 458 372 541 procul
387 459 539 523 Hennaeis
555 458 640 523 lacus
655 468 704 521 est
717 479 737 521 a
751 457 907 522 moenibus
921 457 1005 538 altoe,

71 559 246 626 Nomine
261 563 388 646 Pergus,
404 584 504 645 aquea.
551 562 626 627 Non
641 563 695 627 illo
710 562 798 645 plura
813 562 961 647 Caystros

71 666 253 731 Carmina
268 690 440 752 cygnorum
456 668 629 731 labentibus
644 669 733 731 audit
747 667 779 731 in
796 668 899 731 undis.
1060 671 1125 733 225

74 771 188 835 Silva
206 783 338 837 coronat
352 794 458 855 aquas,
474 772 604 857 cingens
619 772 700 838 latus
715 794 829 850 omne;
852 773 977 857 suisque

76 874 292 955 Frondibus,
309 888 343 940 ut
357 876 437 955 vele,
453 876 607 951 Phoebeos
624 877 787 941 submovet
803 877 893 941 ictus.

77 979 233 1063 Frigora
248 983 326 1045 dant
341 982 428 1060 rami,
444 982 556 1065 Tyrios
572 981 686 1045 humus
701 981 831 1045 humida
845 982 946 1045 flores.

78 1084 295 1174 Perpetuum
312 1107 365 1149 ver
379 1096 436 1150 est.
483 1086 560 1156 Quo
574 1088 652 1150 dum
667 1086 852 1170 Proserpina
867 1086 939 1151 luco

80 1189 212 1267 Ludit,
228 1200 261 1253 et
274 1200 330 1255 aut
344 1191 440 1255 violas
454 1200 510 1255 aut
524 1192 660 1255 candida
674 1190 737 1255 lilia
752 1191 868 1274 carpit3
1059 1194 1125 1257 230

81 1292 251 1378 Dumque
268 1296 396 1378 puellari
411 1295 515 1359 studio
530 1296 732 1377 calathosque
747 1296 911 1378 sinumque

86 1402 228 1486 Implet,
245 1414 278 1467 et
292 1405 428 1487 aequalcs
444 1413 543 1469 certat
558 1425 704 1487 superare
718 1404 871 1486 legend03

86 1506 186 1571 Pane
206 1509 297 1572 simul
312 1510 378 1572 visa
392 1520 449 1585 cst,
466 1508 651 1592 dilectaque,
667 1519 818 1592 raptaque
833 1507 917 1573 Diti:

86 1612 212 1695 Usque
227 1614 308 1677 adel)
323 1624 505 1697 properatur
518 1636 616 1679 arnor.
661 1614 732 1677 Dea
747 1614 853 1683 territa
866 1625 980 1679 moesto

87 1717 137 1780 Et
153 1728 291 1782 matrem
307 1729 339 1782 et
354 1720 493 1797 comites,
510 1721 566 1783 sed
580 1728 712 1783 matrem
727 1719 852 1801 saepius,
868 1740 921 1782 ore
1057 1722 1122 1783 235

87 1822 227 1887 Clamat
240 1846 248 1900 ς
271 1833 313 1901 et,
329 1832 365 1887 ut
379 1824 500 1887 summi
515 1834 633 1887 vestem
648 1824 779 1886 laniarat
793 1823 834 1886 ab
848 1823 914 1900 ori,

93 1926 235 1992 Collecti
250 1929 340 1992 flores
356 1929 469 1991 tunicis
484 1928 627 1992 cecidere
643 1926 788 1991 remissis.

93 2032 270 2115 Tantaque
285 2034 465 2116 simplicitas
480 2031 649 2115 puerilibus
664 2032 753 2095 affuit
768 2030 869 2108 annis,

95 2135 186 2202 Haec
200 2158 324 2220 quoque
339 2138 512 2221 virgineum
527 2137 625 2201 movit
636 2138 759 2222 jactura
773 2135 923 2199 dolorem.

144 2244 270 2326 Raptor
284 2243 349 2326 egit
363 2263 480 2320 currus,
496 2252 528 2305 ct
544 2242 670 2305 nornine
685 2262 841 2324 quemque
857 2250 984 2303 vocatos
1058 2243 1123 2305 240

98 2346 294 2411 Exhortatur
308 2368 421 2429 equos:
446 2368 578 2430 quorum
594 2368 649 2429 per
664 2346 745 2411 colla
754 2346 909 2431 jubasque

16 2512 18 2541 Σ
98 2450 233 2516 Excutit
247 2452 378 2515 obscuri
393 2453 505 2515 tinctas
520 2452 676 2534 ferrugine
691 2452 839 2515 habenas.

99 2555 226 2640 Perque
241 2557 327 2621 lacus
342 2556 430 2635 altos
446 2566 479 2619 et
493 2557 609 2620 olentia
624 2556 740 2618 sulfure
756 2556 852 2618 fertur

101 2662 226 2746 Stagna
241 2661 416 2725 Palicorum
431 2661 523 2744 rupti
539 2660 690 2723 ferventia
706 2661 804 2723 terri:
1072 2718 1075 2725 .

101 2766 144 2829 Et
160 2769 224 2851 qua
238 2766 434 2844 Bacchiadas,
449 2766 558 2829 bimari
576 2786 654 2848 gens
670 2774 738 2828 orta
752 2764 914 2843 Corintho,
1057 2766 1122 2827 245

102 2870 190 2935 inter
205 2870 374 2953 inaequales
390 2879 560 2953 posuerunt
574 2870 691 2933 rnoenia
706 2879 823 2953 portus.

149 2978 206 3040 Est
220 2976 360 3039 medium
375 2974 509 3059 Cyanes,
526 2984 558 3038 et
572 2976 682 3039 Pisaeae
698 2974 863 3038 Arethusae

105 3080 205 3149 Quod
220 3082 285 3144 coit
298 3079 437 3161 angustis
453 3078 606 3142 inclusum
622 3079 778 3156 cornibus,
794 3100 910 3160 aequor.

104 3183 168 3248 Hic
183 3184 251 3262 fuit,
267 3205 287 3247 a
302 3183 390 3267 cujus
404 3192 548 3265 stagnum
565 3202 690 3264 quoquc
705 3182 832 3244 nornine
848 3182 967 3245 dictum
981 3190 1040 3258 cst,

105 3288 190 3351 inter
205 3287 357 3352 Sicelidas
373 3286 481 3371 Cyane
497 3286 700 3349 celeberrima
713 3284 886 3369 nymphas,
1058 3287 1124 3349 250

105 3392 302 3477 Agnovitque
318 3394 431 3456 deum:
457 3400 465 3429 ‘
477 3392 508 3454 N
510 3412 548 3454 ec
562 3390 683 3474 longibs
697 3390 799 3469 ibitis,'
816 3391 932 3473 inquit:
1047 3447 1052 3451 .

107 3497 158 3561 ‘N
159 3520 200 3561 on
215 3507 305 3580 potes
320 3496 425 3559 invite
441 3495 561 3559 Cereris
576 3516 773 3577 generasse:
799 3495 949 3577 roganda,

107 3601 178 3666 Non
193 3602 345 3685 rapienda
362 3599 428 3661 fuit.
476 3599 575 3669 Qubd
590 3599 615 3661 si
632 3619 820 3682 componere
835 3598 957 3680 magnis

107 3704 201 3771 Parva
216 3706 292 3770 mihi
308 3704 354 3768 fas
369 3713 427 3782 est,
443 3714 541 3768 etms
557 3703 665 3767 dilexit
680 3703 808 3786 Anapis.

369 3812 389 3869 'l
