2567 4209
133 302 194 365 138
403 294 522 344 ovm‘s
545 292 875 345 Musnuottrflosus.

127 465 257 529 Pectora
272 465 414 547 semper,'
431 464 486 542 ait,
503 465 631 528 ‘vestris
645 464 783 527 exercita
798 462 902 525 rebus.
1096 454 1168 519 265

127 570 170 633 At
187 571 263 635 nihil
278 570 432 653 impendit
446 590 502 653 per
517 581 563 633 tot
577 569 783 632 Telamonius
798 586 898 630 annos

128 676 296 758 Sanguinis
311 675 344 738 in
359 676 475 739 socios:
499 686 533 737 et
547 674 643 737 habet
658 674 724 736 sine
740 672 868 735 vulnere
884 690 1014 753 eorpus.

172 780 260 850 Quid
277 791 381 843 tamen
397 780 458 843 hoc
472 779 575 856 relert,
591 779 617 841 si
632 798 667 841 se
684 798 740 860 pro
756 777 854 839 classe
871 774 1010 857 Pelasgfi

128 883 225 947 Arma
240 886 346 947 tulisse
361 885 454 948 refert
468 895 578 947 contra
591 884 754 965 Troasque
770 881 968 962 lovemque?

127 991 358 1074 confiteorque,
374 991 462 1055 tulit:
487 991 690 1074 nequeenim
705 990 788 1053 bene
803 989 886 1052 faeta
901 986 1047 1068 maligne
1100 986 1172 1046 270

128 1095 309 1160 Detrectare
324 1118 430 1160 meum
445 1109 510 1161 est:
535 1097 591 1159 sed
607 1116 668 1159 neo
683 1094 864 1159 communia
878 1091 963 1155 solus

128 1202 283 1284 Occupet,
299 1212 394 1284 atque
408 1203 543 1284 aliquem
558 1201 646 1265 vobis
661 1200 788 1283 quoque
805 1199 915 1262 reddat
932 1196 1107 1259 honorem.

129 1306 258 1389 Repulit
274 1307 447 1386 Actorides,
463 1308 521 1370 sub
536 1307 671 1389 imagine
687 1315 773 1367 tutus
791 1302 929 1379 Achillis,

129 1412 229 1476 Troas
244 1412 284 1475 ab
298 1412 411 1476 arsuris
425 1434 499 1476 cum
513 1411 679 1475 defensore
695 1409 819 1474 carinis.

129 1517 251 1579 Ausum
267 1517 361 1579 etiam
376 1516 536 1581 Hectoreo
551 1515 653 1579 solum
668 1535 853 1579 concurrere
870 1511 966 1575 Marti
1100 1512 1172 1573 275

131 1620 174 1683 Se
190 1631 289 1701 putat,
305 1620 419 1683 oblitus
433 1621 587 1703 regisque,
602 1622 794 1703 ducumque,
811 1618 955 1701 meique3

130 1722 243 1786 Nonus
258 1724 289 1787 in
305 1724 418 1801 officio,
434 1734 467 1787 et
482 1725 628 1805 praelatus
643 1746 772 1788 munere
789 1724 889 1788 sortis.

132 1829 197 1892 Sed
213 1838 318 1893 tamen
334 1839 465 1893 eventus
480 1842 601 1908 vestrae,
617 1830 792 1907 fortissime,
809 1846 923 1912 pugnae

131 1933 213 2003 Quis
229 1934 309 1998 fuit?
355 1934 476 1999 Hector
490 1934 556 1998 abit
571 1934 702 1998 violatus
716 1934 845 1997 vulnere
861 1930 957 1995 nullo.

175 2035 230 2098 Me
246 2037 403 2114 miserum,
418 2046 536 2120 quanto
550 2057 646 2118 cogor
661 2036 839 2099 meminisse
854 2032 961 2097 dolore
1099 2033 1172 2095 280

131 2141 296 2222 Temporis
311 2140 400 2217 illius,
417 2163 492 2224 quo,
507 2140 636 2205 Graium
652 2162 769 2217 murus,
789 2137 928 2203 Achilles

132 2244 319 2307 Procubuit!
368 2244 439 2309 Nec
454 2267 505 2308 me
521 2244 678 2328 lacrymae,
695 2244 846 2323 luctasse,
863 2244 993 2306 timorve

131 2348 320 2424 Tardrlrunt,
337 2348 411 2430 quin
427 2370 539 2431 corpus
554 2349 651 2413 humo
666 2350 797 2413 sublime
814 2348 970 2412 referrem.

132 2450 191 2513 His
207 2451 351 2528 humeris,
368 2452 426 2530 his,
442 2453 579 2535 inquam,
595 2454 733 2517 humeris
748 2475 808 2537 ego
824 2472 936 2534 eorpus
952 2448 1094 2513 Achillis

133 2554 173 2617 Et
189 2555 278 2619 simul
294 2578 380 2620 arma
395 2557 468 2621 tuli:
493 2579 564 2640 quoe
580 2564 667 2621 nuile
681 2559 806 2640 quoque
822 2558 901 2621 ferre
916 2554 1037 2619 laboro·
1098 2558 1171 2619 285

133 2662 216 2724 Sunt
231 2662 316 2737 mihi,
332 2683 402 2744 quae
419 2663 542 2726 valeant
556 2663 588 2725 in
604 2662 679 2725 talia
692 2663 843 2744 pondera,
859 2662 958 2723 vires:

132 2764 190 2825 Est
204 2766 325 2827 animus
342 2776 457 2829 vestros
471 2768 555 2830 certe
573 2787 719 2829 sensurus
735 2765 879 2829 honores.

134 2866 261 2930 Scilicet
276 2867 392 2930 idcirco
407 2890 463 2950 pro
478 2881 574 2951 gnato
589 2869 704 2933 caerula
718 2880 817 2933 mater

133 2969 308 3034 Ambitiosa
322 2993 379 3034 suo
395 2973 462 3050 luit,
479 2985 514 3036 ut
528 2973 668 3037 coelestia
683 2976 776 3052 dona,

132 3075 217 3138 Artis
232 3096 311 3158 opus
326 3086 432 3155 tantae,
448 3078 533 3141 rudis
548 3088 581 3140 et
596 3078 663 3140 sine
679 3088 805 3159 pectore
821 3075 909 3140 miles
1095 3080 1167 3141 290

132 3180 299 3243 Induerat!
324 3184 524 3263 nequeenim
540 3181 641 3265 clypei
656 3180 819 3244 oaelamina
835 3181 925 3257 norit,

132 3283 308 3359 Oceanum,
323 3294 355 3345 et
372 3295 476 3361 terras,
492 3307 626 3367 cumque
640 3283 705 3347 alto
720 3284 822 3347 sidera
837 3284 927 3361 coelo,

132 3384 348 3465 Pleiadasque,
364 3383 566 3467 Hyadesque,
582 3388 814 3468 immunemque
830 3387 963 3469 aequoris
980 3387 1120 3467 Arcton,

132 3486 338 3565 Diversasque
354 3486 456 3562 urbes,
473 3488 666 3570 nitidumque
681 3489 808 3552 Orionis
823 3510 942 3552 ensem.
1276 3541 1279 3554 .

132 3583 272 3647 Postulat
287 3596 323 3646 ut
337 3585 451 3665 capiat,
467 3608 537 3668 quae
553 3610 616 3651 non
632 3589 786 3673 intelligit,
802 3613 896 3655 arma.
1094 3600 1165 3661 295
1279 3590 1281 3663 l

177 3684 288 3753 Quid?
311 3686 395 3765 quod
411 3706 473 3763 me,
489 3689 558 3751 duri
573 3691 745 3770 fugientem
761 3712 891 3756 munera
906 3693 991 3771 belli,
