<?xml version="1.0" encoding="UTF-8"?>
<!DOCTYPE html PUBLIC "-//W3C//DTD XHTML 1.0 Transitional//EN"
    "http://www.w3.org/TR/xhtml1/DTD/xhtml1-transitional.dtd">
<html xmlns="http://www.w3.org/1999/xhtml" xml:lang="en" lang="en">
 <head>
  <title>
</title>
<meta http-equiv="Content-Type" content="text/html;charset=utf-8" />
  <meta name='ocr-system' content='tesseract 3.04.00' />
  <meta name='ocr-capabilities' content='ocr_page ocr_carea ocr_par ocr_line ocrx_word'/>
</head>
<body>
  <div class='ocr_page' id='page_1' title='image "./selectionsfromm00andrgoog_0140.png"; bbox 0 0 2567 4209; ppageno 0'>
   <div class='ocr_carea' id='block_1_1' title="bbox 183 302 934 375">
    <p class='ocr_par' dir='ltr' id='par_1_1' title="bbox 183 302 934 375">
     <span class='ocr_line' id='line_1_1' title="bbox 183 302 934 375; baseline -0.02 -10"><span class='ocrx_word' id='word_1_1' title='bbox 183 312 246 375; x_wconf 70' lang='lat'>132</span> <span class='ocrx_word' id='word_1_2' title='bbox 458 306 578 355; x_wconf 84' lang='lat' dir='ltr'>OVlD&#39;S</span> <span class='ocrx_word' id='word_1_3' title='bbox 599 302 934 355; x_wconf 78' lang='lat' dir='ltr'><strong>METAMORPHOSES.</strong></span> 
     </span>
    </p>
   </div>
   <div class='ocr_carea' id='block_1_2' title="bbox 176 468 1219 2441">
    <p class='ocr_par' dir='ltr' id='par_1_2' title="bbox 176 468 1219 2441">
     <span class='ocr_line' id='line_1_2' title="bbox 180 468 1175 562; baseline -0.008 -25"><span class='ocrx_word' id='word_1_4' title='bbox 180 472 371 556; x_wconf 84' lang='lat' dir='ltr'>Servavique</span> <span class='ocrx_word' id='word_1_5' title='bbox 385 472 523 539; x_wconf 78' lang='lat' dir='ltr'>aniumm</span> <span class='ocrx_word' id='word_1_6' title='bbox 541 473 719 562; x_wconf 89' lang='lat' dir='ltr'>(minimum</span> <span class='ocrx_word' id='word_1_7' title='bbox 736 482 786 537; x_wconf 87' lang='lat' dir='ltr'>est</span> <span class='ocrx_word' id='word_1_8' title='bbox 802 472 864 535; x_wconf 90' lang='lat' dir='ltr'>hoc</span> <span class='ocrx_word' id='word_1_9' title='bbox 879 468 1002 556; x_wconf 86' lang='lat' dir='ltr'>laudis)</span> <span class='ocrx_word' id='word_1_10' title='bbox 1023 468 1175 531; x_wconf 73' lang='lat' dir='ltr'>inertem.</span> 
     </span>
     <span class='ocr_line' id='line_1_3' title="bbox 180 575 966 660; baseline -0.006 -18"><span class='ocrx_word' id='word_1_11' title='bbox 180 578 215 642; x_wconf 86' lang='lat' dir='ltr'>Si</span> <span class='ocrx_word' id='word_1_12' title='bbox 231 588 349 660; x_wconf 76' lang='lat' dir='ltr'>perstas</span> <span class='ocrx_word' id='word_1_13' title='bbox 364 590 492 655; x_wconf 87' lang='lat' dir='ltr'>certare,</span> <span class='ocrx_word' id='word_1_14' title='bbox 508 576 613 643; x_wconf 89' lang='lat' dir='ltr'>locum</span> <span class='ocrx_word' id='word_1_15' title='bbox 628 578 794 641; x_wconf 83' lang='lat' dir='ltr'>redeamus</span> <span class='ocrx_word' id='word_1_16' title='bbox 810 576 843 639; x_wconf 92' lang='lat' dir='ltr'>in</span> <span class='ocrx_word' id='word_1_17' title='bbox 860 575 966 639; x_wconf 90' lang='lat' dir='ltr'>illum:</span> 
     </span>
     <span class='ocr_line' id='line_1_4' title="bbox 179 679 1148 765; baseline -0.006 -20"><span class='ocrx_word' id='word_1_18' title='bbox 179 682 292 746; x_wconf 86' lang='lat' dir='ltr'>Redde</span> <span class='ocrx_word' id='word_1_19' title='bbox 308 682 440 760; x_wconf 88' lang='lat' dir='ltr'>hostem,</span> <span class='ocrx_word' id='word_1_20' title='bbox 456 682 630 765; x_wconf 76' lang='lat' dir='ltr'>vulnusque</span> <span class='ocrx_word' id='word_1_21' title='bbox 646 694 748 760; x_wconf 88' lang='lat' dir='ltr'>tuum,</span> <span class='ocrx_word' id='word_1_22' title='bbox 763 680 953 763; x_wconf 87' lang='lat' dir='ltr'>solitumque</span> <span class='ocrx_word' id='word_1_23' title='bbox 971 679 1148 743; x_wconf 88' lang='lat' dir='ltr'>timorem:</span> 
     </span>
     <span class='ocr_line' id='line_1_5' title="bbox 179 782 1114 870; baseline -0.005 -20"><span class='ocrx_word' id='word_1_24' title='bbox 179 788 253 851; x_wconf 85' lang='lat' dir='ltr'>Post</span> <span class='ocrx_word' id='word_1_25' title='bbox 267 786 475 870; x_wconf 86' lang='lat' dir='ltr'>clypeumque</span> <span class='ocrx_word' id='word_1_26' title='bbox 489 787 569 851; x_wconf 85' lang='lat' dir='ltr'>late:</span> <span class='ocrx_word' id='word_1_27' title='bbox 594 797 628 851; x_wconf 89' lang='lat' dir='ltr'>et</span> <span class='ocrx_word' id='word_1_28' title='bbox 641 808 767 849; x_wconf 90' lang='lat' dir='ltr'>mecum</span> <span class='ocrx_word' id='word_1_29' title='bbox 784 786 943 849; x_wconf 87' lang='lat' dir='ltr'>contende</span> <span class='ocrx_word' id='word_1_30' title='bbox 960 783 1024 847; x_wconf 89' lang='lat' dir='ltr'>sub</span> <span class='ocrx_word' id='word_1_31' title='bbox 1042 782 1114 847; x_wconf 90' lang='lat' dir='ltr'>illo.</span> 
     </span>
     <span class='ocr_line' id='line_1_6' title="bbox 179 889 1219 975; baseline -0.004 -20"><span class='ocrx_word' id='word_1_32' title='bbox 179 892 223 955; x_wconf 79' lang='lat' dir='ltr'>At</span> <span class='ocrx_word' id='word_1_33' title='bbox 238 902 402 975; x_wconf 82' lang='lat' dir='ltr'>postquam</span> <span class='ocrx_word' id='word_1_34' title='bbox 417 892 536 975; x_wconf 88' lang='lat' dir='ltr'>eripui;</span> <span class='ocrx_word' id='word_1_35' title='bbox 559 892 612 955; x_wconf 93' lang='lat' dir='ltr'>cui</span> <span class='ocrx_word' id='word_1_36' title='bbox 626 892 730 955; x_wconf 88' lang='lat' dir='ltr'>standi</span> <span class='ocrx_word' id='word_1_37' title='bbox 746 892 876 955; x_wconf 88' lang='lat' dir='ltr'>vulnera</span> <span class='ocrx_word' id='word_1_38' title='bbox 891 890 973 953; x_wconf 90' lang='lat' dir='ltr'>vires</span> <span class='ocrx_word' id='word_1_39' title='bbox 1179 889 1219 951; x_wconf 83' lang='grc'>80</span> 
     </span>
     <span class='ocr_line' id='line_1_7' title="bbox 178 996 939 1079; baseline -0.003 -20"><span class='ocrx_word' id='word_1_40' title='bbox 178 996 210 1058; x_wconf 89' lang='lat' dir='ltr'>N</span> <span class='ocrx_word' id='word_1_41' title='bbox 212 1019 253 1060; x_wconf 92' lang='lat' dir='ltr'>on</span> <span class='ocrx_word' id='word_1_42' title='bbox 269 998 431 1074; x_wconf 88' lang='lat' dir='ltr'>dederant,</span> <span class='ocrx_word' id='word_1_43' title='bbox 447 997 534 1061; x_wconf 89' lang='lat' dir='ltr'>nullo</span> <span class='ocrx_word' id='word_1_44' title='bbox 549 998 688 1061; x_wconf 79' lang='lat' dir='ltr'>tardatus</span> <span class='ocrx_word' id='word_1_45' title='bbox 704 996 833 1060; x_wconf 89' lang='lat' dir='ltr'>vulnere</span> <span class='ocrx_word' id='word_1_46' title='bbox 850 996 939 1079; x_wconf 86' lang='lat' dir='ltr'>fugit.</span> 
     </span>
     <span class='ocr_line' id='line_1_8' title="bbox 221 1100 1038 1184; baseline -0.004 -20"><span class='ocrx_word' id='word_1_47' title='bbox 221 1101 341 1165; x_wconf 86' lang='lat' dir='ltr'>Hector</span> <span class='ocrx_word' id='word_1_48' title='bbox 355 1103 455 1179; x_wconf 89' lang='lat' dir='ltr'>adest,</span> <span class='ocrx_word' id='word_1_49' title='bbox 471 1122 641 1184; x_wconf 87' lang='lat' dir='ltr'>secumque</span> <span class='ocrx_word' id='word_1_50' title='bbox 657 1102 734 1165; x_wconf 91' lang='lat' dir='ltr'>deos</span> <span class='ocrx_word' id='word_1_51' title='bbox 750 1102 784 1165; x_wconf 94' lang='lat' dir='ltr'>in</span> <span class='ocrx_word' id='word_1_52' title='bbox 800 1100 910 1184; x_wconf 86' lang='lat' dir='ltr'>proelia</span> <span class='ocrx_word' id='word_1_53' title='bbox 924 1100 1038 1165; x_wconf 90' lang='lat' dir='ltr'>ducit:</span> 
     </span>
     <span class='ocr_line' id='line_1_9' title="bbox 178 1205 960 1289; baseline -0.001 -20"><span class='ocrx_word' id='word_1_54' title='bbox 178 1208 316 1289; x_wconf 76' lang='lat' dir='ltr'>Quique</span> <span class='ocrx_word' id='word_1_55' title='bbox 332 1208 403 1285; x_wconf 89' lang='lat' dir='ltr'>ruit,</span> <span class='ocrx_word' id='word_1_56' title='bbox 420 1228 483 1272; x_wconf 90' lang='lat' dir='ltr'>non</span> <span class='ocrx_word' id='word_1_57' title='bbox 499 1218 534 1270; x_wconf 89' lang='lat' dir='ltr'>tu</span> <span class='ocrx_word' id='word_1_58' title='bbox 549 1208 670 1272; x_wconf 69' lang='lat' dir='ltr'>tantiam</span> <span class='ocrx_word' id='word_1_59' title='bbox 686 1207 821 1285; x_wconf 89' lang='lat' dir='ltr'>terreris,</span> <span class='ocrx_word' id='word_1_60' title='bbox 837 1205 960 1289; x_wconf 90' lang='lat' dir='ltr'>Ulysse,</span> 
     </span>
     <span class='ocr_line' id='line_1_10' title="bbox 179 1310 949 1377; baseline -0.001 -3"><span class='ocrx_word' id='word_1_61' title='bbox 179 1312 243 1375; x_wconf 83' lang='lat' dir='ltr'>Sed</span> <span class='ocrx_word' id='word_1_62' title='bbox 261 1311 356 1375; x_wconf 87' lang='lat' dir='ltr'>sortes</span> <span class='ocrx_word' id='word_1_63' title='bbox 370 1313 483 1377; x_wconf 76' lang='lat' dir='ltr'>edam:</span> <span class='ocrx_word' id='word_1_64' title='bbox 508 1322 631 1375; x_wconf 88' lang='lat' dir='ltr'>tantum</span> <span class='ocrx_word' id='word_1_65' title='bbox 647 1312 740 1375; x_wconf 85' lang='lat' dir='ltr'>trahit</span> <span class='ocrx_word' id='word_1_66' title='bbox 755 1312 806 1375; x_wconf 91' lang='lat' dir='ltr'>ille</span> <span class='ocrx_word' id='word_1_67' title='bbox 823 1310 949 1375; x_wconf 85' lang='lat' dir='ltr'>timoris.</span> 
     </span>
     <span class='ocr_line' id='line_1_11' title="bbox 177 1418 1214 1502; baseline -0.003 -20"><span class='ocrx_word' id='word_1_68' title='bbox 177 1419 274 1482; x_wconf 92' lang='lat' dir='ltr'>Hunc</span> <span class='ocrx_word' id='word_1_69' title='bbox 289 1440 350 1502; x_wconf 80' lang='lat' dir='ltr'>ego</span> <span class='ocrx_word' id='word_1_70' title='bbox 364 1420 545 1501; x_wconf 73' lang='lat' dir='ltr'>sanguineae</span> <span class='ocrx_word' id='word_1_71' title='bbox 561 1440 708 1483; x_wconf 88' lang='lat' dir='ltr'>successu</span> <span class='ocrx_word' id='word_1_72' title='bbox 723 1420 821 1483; x_wconf 84' lang='lat' dir='ltr'>caedis</span> <span class='ocrx_word' id='word_1_73' title='bbox 837 1426 985 1483; x_wconf 88' lang='lat' dir='ltr'>ovantem</span> <span class='ocrx_word' id='word_1_74' title='bbox 1177 1418 1214 1479; x_wconf 86' lang='grc'>85</span> 
     </span>
     <span class='ocr_line' id='line_1_12' title="bbox 177 1523 910 1607; baseline 0.004 -24"><span class='ocrx_word' id='word_1_75' title='bbox 177 1523 327 1586; x_wconf 88' lang='lat' dir='ltr'>Cominus</span> <span class='ocrx_word' id='word_1_76' title='bbox 342 1523 462 1605; x_wconf 83' lang='lat' dir='ltr'>ingenti</span> <span class='ocrx_word' id='word_1_77' title='bbox 478 1524 658 1607; x_wconf 90' lang='lat' dir='ltr'>resupinum</span> <span class='ocrx_word' id='word_1_78' title='bbox 675 1524 816 1606; x_wconf 90' lang='lat' dir='ltr'>pondere</span> <span class='ocrx_word' id='word_1_79' title='bbox 832 1523 910 1587; x_wconf 86' lang='lat' dir='ltr'>fudi.</span> 
     </span>
     <span class='ocr_line' id='line_1_13' title="bbox 176 1624 1061 1709; baseline 0.003 -23"><span class='ocrx_word' id='word_1_80' title='bbox 176 1624 273 1686; x_wconf 90' lang='lat' dir='ltr'>Hunc</span> <span class='ocrx_word' id='word_1_81' title='bbox 288 1647 348 1708; x_wconf 89' lang='lat' dir='ltr'>ego</span> <span class='ocrx_word' id='word_1_82' title='bbox 363 1637 557 1708; x_wconf 82' lang='lat' dir='ltr'>poscentem,</span> <span class='ocrx_word' id='word_1_83' title='bbox 574 1649 648 1691; x_wconf 86' lang='lat' dir='ltr'>cum</span> <span class='ocrx_word' id='word_1_84' title='bbox 663 1649 727 1709; x_wconf 91' lang='lat' dir='ltr'>quo</span> <span class='ocrx_word' id='word_1_85' title='bbox 742 1636 955 1703; x_wconf 86' lang='lat' dir='ltr'>concurreret,</span> <span class='ocrx_word' id='word_1_86' title='bbox 972 1646 1061 1689; x_wconf 88' lang='lat' dir='ltr'>unus</span> 
     </span>
     <span class='ocr_line' id='line_1_14' title="bbox 178 1728 962 1812; baseline 0.003 -21"><span class='ocrx_word' id='word_1_87' title='bbox 178 1728 338 1808; x_wconf 82' lang='lat' dir='ltr'>Sustinui3</span> <span class='ocrx_word' id='word_1_88' title='bbox 361 1741 538 1812; x_wconf 83' lang='lat' dir='ltr'>sortemque</span> <span class='ocrx_word' id='word_1_89' title='bbox 553 1754 658 1795; x_wconf 88' lang='lat' dir='ltr'>meam</span> <span class='ocrx_word' id='word_1_90' title='bbox 674 1732 812 1811; x_wconf 85' lang='lat' dir='ltr'>vovistis,</span> <span class='ocrx_word' id='word_1_91' title='bbox 830 1730 962 1795; x_wconf 87' lang='lat' dir='ltr'>Achivi:</span> 
     </span>
     <span class='ocr_line' id='line_1_15' title="bbox 177 1831 961 1921; baseline 0.003 -26"><span class='ocrx_word' id='word_1_92' title='bbox 177 1831 218 1895; x_wconf 89' lang='lat' dir='ltr'>Et</span> <span class='ocrx_word' id='word_1_93' title='bbox 233 1844 342 1898; x_wconf 74' lang='lat' dir='ltr'>vestrae</span> <span class='ocrx_word' id='word_1_94' title='bbox 358 1834 482 1899; x_wconf 73' lang='lat' dir='ltr'>valuere</span> <span class='ocrx_word' id='word_1_95' title='bbox 498 1857 616 1918; x_wconf 88' lang='lat' dir='ltr'>preces.</span> <span class='ocrx_word' id='word_1_96' title='bbox 664 1836 699 1899; x_wconf 88' lang='lat' dir='ltr'>Si</span> <span class='ocrx_word' id='word_1_97' title='bbox 715 1836 853 1918; x_wconf 88' lang='lat' dir='ltr'>quaeritis</span> <span class='ocrx_word' id='word_1_98' title='bbox 869 1836 961 1921; x_wconf 90' lang='lat' dir='ltr'>hujus</span> 
     </span>
     <span class='ocr_line' id='line_1_16' title="bbox 177 1937 1209 2023; baseline -0.002 -22"><span class='ocrx_word' id='word_1_99' title='bbox 177 1937 346 2003; x_wconf 79' lang='lat' dir='ltr'>Fortunam</span> <span class='ocrx_word' id='word_1_100' title='bbox 362 1961 496 2023; x_wconf 79' lang='lat' dir='ltr'>pugnae3</span> <span class='ocrx_word' id='word_1_101' title='bbox 520 1962 584 2004; x_wconf 89' lang='lat' dir='ltr'>non</span> <span class='ocrx_word' id='word_1_102' title='bbox 599 1961 668 2003; x_wconf 88' lang='lat' dir='ltr'>sum</span> <span class='ocrx_word' id='word_1_103' title='bbox 685 1952 847 2023; x_wconf 87' lang='lat' dir='ltr'>superatus</span> <span class='ocrx_word' id='word_1_104' title='bbox 862 1940 903 2004; x_wconf 89' lang='lat' dir='ltr'>ab</span> <span class='ocrx_word' id='word_1_105' title='bbox 919 1939 982 2003; x_wconf 92' lang='lat' dir='ltr'>illo.</span> <span class='ocrx_word' id='word_1_106' title='bbox 1173 1938 1209 1999; x_wconf 82' lang='lat'>90</span> 
     </span>
     <span class='ocr_line' id='line_1_17' title="bbox 222 2042 1146 2127; baseline 0.001 -23"><span class='ocrx_word' id='word_1_107' title='bbox 222 2042 305 2107; x_wconf 88' lang='lat' dir='ltr'>Ecce</span> <span class='ocrx_word' id='word_1_108' title='bbox 321 2045 425 2109; x_wconf 83' lang='lat' dir='ltr'>lerunt</span> <span class='ocrx_word' id='word_1_109' title='bbox 439 2045 539 2108; x_wconf 70' lang='lat' dir='ltr'>Troes</span> <span class='ocrx_word' id='word_1_110' title='bbox 553 2045 742 2127; x_wconf 84' lang='lat' dir='ltr'>ferrumque,</span> <span class='ocrx_word' id='word_1_111' title='bbox 761 2045 941 2127; x_wconf 85' lang='lat' dir='ltr'>ignemque,</span> <span class='ocrx_word' id='word_1_112' title='bbox 958 2043 1146 2125; x_wconf 87' lang='lat' dir='ltr'>lovemque</span> 
     </span>
     <span class='ocr_line' id='line_1_18' title="bbox 176 2145 1023 2232; baseline 0.002 -23"><span class='ocrx_word' id='word_1_113' title='bbox 176 2145 213 2209; x_wconf 89' lang='lat' dir='ltr'>In</span> <span class='ocrx_word' id='word_1_114' title='bbox 230 2146 355 2213; x_wconf 88' lang='lat' dir='ltr'>Danaas</span> <span class='ocrx_word' id='word_1_115' title='bbox 369 2148 502 2213; x_wconf 78' lang='lat' dir='ltr'>classes:</span> <span class='ocrx_word' id='word_1_116' title='bbox 528 2149 581 2214; x_wconf 90' lang='lat' dir='ltr'>ubi</span> <span class='ocrx_word' id='word_1_117' title='bbox 595 2170 682 2212; x_wconf 89' lang='lat' dir='ltr'>nunc</span> <span class='ocrx_word' id='word_1_118' title='bbox 697 2150 852 2213; x_wconf 84' lang='lat' dir='ltr'>facundus</span> <span class='ocrx_word' id='word_1_119' title='bbox 868 2149 1023 2232; x_wconf 84' lang='lat' dir='ltr'>Ulysses?</span> 
     </span>
     <span class='ocr_line' id='line_1_19' title="bbox 177 2251 989 2336; baseline 0.006 -26"><span class='ocrx_word' id='word_1_120' title='bbox 177 2251 301 2331; x_wconf 86' lang='lat' dir='ltr'>Nempe</span> <span class='ocrx_word' id='word_1_121' title='bbox 316 2274 376 2334; x_wconf 87' lang='lat' dir='ltr'>ego</span> <span class='ocrx_word' id='word_1_122' title='bbox 391 2251 474 2315; x_wconf 89' lang='lat' dir='ltr'>mille</span> <span class='ocrx_word' id='word_1_123' title='bbox 491 2274 563 2317; x_wconf 92' lang='lat' dir='ltr'>meo</span> <span class='ocrx_word' id='word_1_124' title='bbox 577 2254 698 2336; x_wconf 85' lang='lat' dir='ltr'>protexi</span> <span class='ocrx_word' id='word_1_125' title='bbox 714 2265 840 2336; x_wconf 89' lang='lat' dir='ltr'>pectore</span> <span class='ocrx_word' id='word_1_126' title='bbox 856 2274 989 2336; x_wconf 90' lang='lat' dir='ltr'>puppes,</span> 
     </span>
     <span class='ocr_line' id='line_1_20' title="bbox 178 2354 1052 2441; baseline 0.005 -26"><span class='ocrx_word' id='word_1_127' title='bbox 178 2354 276 2434; x_wconf 88' lang='lat' dir='ltr'>Spem</span> <span class='ocrx_word' id='word_1_128' title='bbox 292 2356 385 2418; x_wconf 86' lang='lat' dir='ltr'>vestri</span> <span class='ocrx_word' id='word_1_129' title='bbox 400 2356 527 2419; x_wconf 76' lang='lat' dir='ltr'>reditus.</span> <span class='ocrx_word' id='word_1_130' title='bbox 573 2355 655 2420; x_wconf 88' lang='lat' dir='ltr'>Date</span> <span class='ocrx_word' id='word_1_131' title='bbox 671 2368 718 2421; x_wconf 90' lang='lat' dir='ltr'>tot</span> <span class='ocrx_word' id='word_1_132' title='bbox 733 2379 789 2441; x_wconf 92' lang='lat' dir='ltr'>pro</span> <span class='ocrx_word' id='word_1_133' title='bbox 804 2358 936 2425; x_wconf 82' lang='lat' dir='ltr'>navibus</span> <span class='ocrx_word' id='word_1_134' title='bbox 952 2378 1052 2421; x_wconf 85' lang='lat' dir='ltr'>anna.</span> 
     </span>
    </p>
   </div>
   <div class='ocr_carea' id='block_1_3' title="bbox 222 2457 1270 2545">
    <p class='ocr_par' dir='ltr' id='par_1_3' title="bbox 222 2457 1270 2545">
     <span class='ocr_line' id='line_1_21' title="bbox 222 2457 1270 2545; baseline 0.005 -26"><span class='ocrx_word' id='word_1_135' title='bbox 222 2457 362 2526; x_wconf 74' lang='lat' dir='ltr'>Quodsi</span> <span class='ocrx_word' id='word_1_136' title='bbox 378 2481 449 2523; x_wconf 89' lang='lat' dir='ltr'>vera</span> <span class='ocrx_word' id='word_1_137' title='bbox 465 2460 537 2524; x_wconf 89' lang='lat' dir='ltr'>licet</span> <span class='ocrx_word' id='word_1_138' title='bbox 552 2461 626 2524; x_wconf 89' lang='lat' dir='ltr'>mihi</span> <span class='ocrx_word' id='word_1_139' title='bbox 642 2462 767 2539; x_wconf 91' lang='lat' dir='ltr'>dicere;</span> <span class='ocrx_word' id='word_1_140' title='bbox 791 2462 940 2545; x_wconf 83' lang='lat' dir='ltr'>quaeritur</span> <span class='ocrx_word' id='word_1_141' title='bbox 955 2460 1034 2539; x_wconf 77' lang='lat' dir='ltr'>istie,</span> <span class='ocrx_word' id='word_1_142' title='bbox 1172 2464 1207 2525; x_wconf 84' lang='lat'>95</span> <span class='ocrx_word' id='word_1_143' title='bbox 1269 2504 1270 2532; x_wconf 51' lang='grc'>;</span> 
     </span>
    </p>
   </div>
   <div class='ocr_carea' id='block_1_4' title="bbox 175 2562 1206 3277">
    <p class='ocr_par' dir='ltr' id='par_1_4' title="bbox 175 2562 1206 2755">
     <span class='ocr_line' id='line_1_22' title="bbox 177 2562 1206 2651; baseline -0.002 -20"><span class='ocrx_word' id='word_1_144' title='bbox 177 2562 285 2631; x_wconf 74' lang='lat' dir='ltr'>Quium</span> <span class='ocrx_word' id='word_1_145' title='bbox 301 2566 387 2645; x_wconf 91' lang='lat' dir='ltr'>mihi,</span> <span class='ocrx_word' id='word_1_146' title='bbox 403 2566 501 2650; x_wconf 86' lang='lat' dir='ltr'>major</span> <span class='ocrx_word' id='word_1_147' title='bbox 515 2566 632 2629; x_wconf 87' lang='lat' dir='ltr'>honos:</span> <span class='ocrx_word' id='word_1_148' title='bbox 657 2568 888 2651; x_wconf 87' lang='lat' dir='ltr'>conjunctaque</span> <span class='ocrx_word' id='word_1_149' title='bbox 903 2566 1004 2649; x_wconf 88' lang='lat' dir='ltr'>gloria</span> <span class='ocrx_word' id='word_1_150' title='bbox 1024 2576 1139 2630; x_wconf 88' lang='lat' dir='ltr'>nostra</span> <span class='ocrx_word' id='word_1_151' title='bbox 1156 2577 1206 2642; x_wconf 84' lang='lat' dir='ltr'>est,</span> 
     </span>
     <span class='ocr_line' id='line_1_23' title="bbox 175 2667 959 2755; baseline 0.006 -27"><span class='ocrx_word' id='word_1_152' title='bbox 175 2667 281 2748; x_wconf 86' lang='lat' dir='ltr'>Atque</span> <span class='ocrx_word' id='word_1_153' title='bbox 297 2669 378 2754; x_wconf 83' lang='lat' dir='ltr'>Ajax</span> <span class='ocrx_word' id='word_1_154' title='bbox 393 2671 495 2748; x_wconf 89' lang='lat' dir='ltr'>armis,</span> <span class='ocrx_word' id='word_1_155' title='bbox 511 2692 575 2733; x_wconf 89' lang='lat' dir='ltr'>non</span> <span class='ocrx_word' id='word_1_156' title='bbox 592 2670 682 2754; x_wconf 84' lang='lat' dir='ltr'>Ajaci</span> <span class='ocrx_word' id='word_1_157' title='bbox 697 2692 784 2735; x_wconf 73' lang='lat' dir='ltr'>mma</span> <span class='ocrx_word' id='word_1_158' title='bbox 799 2682 959 2755; x_wconf 89' lang='lat' dir='ltr'>petuntur.</span> 
     </span>
    </p>

    <p class='ocr_par' dir='ltr' id='par_1_5' title="bbox 175 2770 1204 3277">
     <span class='ocr_line' id='line_1_24' title="bbox 220 2770 1139 2858; baseline 0.012 -28"><span class='ocrx_word' id='word_1_159' title='bbox 220 2770 434 2838; x_wconf 68' lang='lat' dir='ltr'>Conferat‘his</span> <span class='ocrx_word' id='word_1_160' title='bbox 448 2774 574 2838; x_wconf 88' lang='lat' dir='ltr'>lthacus</span> <span class='ocrx_word' id='word_1_161' title='bbox 590 2774 742 2853; x_wconf 88' lang='lat' dir='ltr'>Rhesum,</span> <span class='ocrx_word' id='word_1_162' title='bbox 759 2775 978 2858; x_wconf 89' lang='lat' dir='ltr'>imbellemque</span> <span class='ocrx_word' id='word_1_163' title='bbox 995 2774 1139 2855; x_wconf 87' lang='lat' dir='ltr'>Dolona,</span> 
     </span>
     <span class='ocr_line' id='line_1_25' title="bbox 176 2872 1092 2962; baseline 0.008 -26"><span class='ocrx_word' id='word_1_164' title='bbox 176 2872 416 2958; x_wconf 86' lang='lat' dir='ltr'>Priamidenque</span> <span class='ocrx_word' id='word_1_165' title='bbox 431 2876 590 2940; x_wconf 89' lang='lat' dir='ltr'>Helenum</span> <span class='ocrx_word' id='word_1_166' title='bbox 605 2879 694 2960; x_wconf 75' lang='lat' dir='ltr'>raptd</span> <span class='ocrx_word' id='word_1_167' title='bbox 709 2900 782 2943; x_wconf 88' lang='lat' dir='ltr'>cum</span> <span class='ocrx_word' id='word_1_168' title='bbox 799 2879 926 2943; x_wconf 82' lang='lat' dir='ltr'>Pallade</span> <span class='ocrx_word' id='word_1_169' title='bbox 943 2890 1092 2962; x_wconf 85' lang='lat' dir='ltr'>captum.</span> 
     </span>
     <span class='ocr_line' id='line_1_26' title="bbox 175 2976 1204 3063; baseline 0.007 -22"><span class='ocrx_word' id='word_1_170' title='bbox 175 2976 263 3041; x_wconf 89' lang='lat' dir='ltr'>Luce</span> <span class='ocrx_word' id='word_1_171' title='bbox 279 2977 355 3041; x_wconf 91' lang='lat' dir='ltr'>nihil</span> <span class='ocrx_word' id='word_1_172' title='bbox 369 2992 503 3063; x_wconf 86' lang='lat' dir='ltr'>gestum,</span> <span class='ocrx_word' id='word_1_173' title='bbox 519 2980 595 3044; x_wconf 89' lang='lat' dir='ltr'>nihil</span> <span class='ocrx_word' id='word_1_174' title='bbox 610 2992 659 3044; x_wconf 87' lang='lat' dir='ltr'>est</span> <span class='ocrx_word' id='word_1_175' title='bbox 673 2981 828 3057; x_wconf 88' lang='lat' dir='ltr'>Diomede</span> <span class='ocrx_word' id='word_1_176' title='bbox 845 2993 984 3047; x_wconf 88' lang='lat' dir='ltr'>remoto:</span> <span class='ocrx_word' id='word_1_177' title='bbox 1149 2989 1204 3049; x_wconf 89' lang='grc'>100</span> 
     </span>
     <span class='ocr_line' id='line_1_27' title="bbox 177 3082 951 3165; baseline 0.008 -21"><span class='ocrx_word' id='word_1_178' title='bbox 177 3082 211 3145; x_wconf 88' lang='lat' dir='ltr'>Si</span> <span class='ocrx_word' id='word_1_179' title='bbox 227 3082 323 3145; x_wconf 89' lang='lat' dir='ltr'>semel</span> <span class='ocrx_word' id='word_1_180' title='bbox 337 3085 397 3149; x_wconf 86' lang='lat' dir='ltr'>ista</span> <span class='ocrx_word' id='word_1_181' title='bbox 411 3086 491 3150; x_wconf 89' lang='lat' dir='ltr'>datis</span> <span class='ocrx_word' id='word_1_182' title='bbox 506 3085 621 3152; x_wconf 88' lang='lat' dir='ltr'>meritis</span> <span class='ocrx_word' id='word_1_183' title='bbox 637 3096 701 3148; x_wconf 89' lang='lat' dir='ltr'>tam</span> <span class='ocrx_word' id='word_1_184' title='bbox 718 3085 829 3149; x_wconf 88' lang='lat' dir='ltr'>vilibus</span> <span class='ocrx_word' id='word_1_185' title='bbox 844 3108 951 3165; x_wconf 89' lang='lat' dir='ltr'>arma;</span> 
     </span>
     <span class='ocr_line' id='line_1_28' title="bbox 175 3185 941 3277; baseline 0.005 -29"><span class='ocrx_word' id='word_1_186' title='bbox 175 3185 330 3249; x_wconf 88' lang='lat' dir='ltr'>Dividite:</span> <span class='ocrx_word' id='word_1_187' title='bbox 348 3201 380 3251; x_wconf 90' lang='lat' dir='ltr'>et</span> <span class='ocrx_word' id='word_1_188' title='bbox 395 3192 492 3275; x_wconf 85' lang='lat' dir='ltr'>major</span> <span class='ocrx_word' id='word_1_189' title='bbox 507 3211 577 3277; x_wconf 83' lang='lat' dir='ltr'>pars</span> <span class='ocrx_word' id='word_1_190' title='bbox 592 3189 631 3250; x_wconf 84' lang='lat' dir='ltr'>sit</span> <span class='ocrx_word' id='word_1_191' title='bbox 647 3188 808 3253; x_wconf 88' lang='lat' dir='ltr'>Diomedis</span> <span class='ocrx_word' id='word_1_192' title='bbox 824 3190 856 3252; x_wconf 91' lang='lat' dir='ltr'>in</span> <span class='ocrx_word' id='word_1_193' title='bbox 872 3190 941 3253; x_wconf 91' lang='lat' dir='ltr'>illis.</span> 
     </span>
    </p>
   </div>
   <div class='ocr_carea' id='block_1_5' title="bbox 221 3288 1187 3379">
    <p class='ocr_par' dir='ltr' id='par_1_6' title="bbox 221 3288 1187 3379">
     <span class='ocr_line' id='line_1_29' title="bbox 221 3288 1187 3379; baseline 0.007 -24"><span class='ocrx_word' id='word_1_194' title='bbox 221 3288 296 3355; x_wconf 76' lang='lat' dir='ltr'>Qud</span> <span class='ocrx_word' id='word_1_195' title='bbox 312 3300 416 3357; x_wconf 86' lang='lat' dir='ltr'>tamen</span> <span class='ocrx_word' id='word_1_196' title='bbox 432 3294 502 3357; x_wconf 75' lang='lat' dir='ltr'>haec</span> <span class='ocrx_word' id='word_1_197' title='bbox 517 3294 646 3357; x_wconf 85' lang='lat' dir='ltr'>Ithaco?</span> <span class='ocrx_word' id='word_1_198' title='bbox 670 3293 723 3375; x_wconf 88' lang='lat' dir='ltr'>qui</span> <span class='ocrx_word' id='word_1_199' title='bbox 739 3292 829 3371; x_wconf 72' lang='lat' dir='ltr'>clam,</span> <span class='ocrx_word' id='word_1_200' title='bbox 846 3295 898 3376; x_wconf 93' lang='lat' dir='ltr'>qui</span> <span class='ocrx_word' id='word_1_201' title='bbox 915 3316 1048 3379; x_wconf 89' lang='lat' dir='ltr'>semper</span> <span class='ocrx_word' id='word_1_202' title='bbox 1066 3299 1187 3365; x_wconf 90' lang='lat' dir='ltr'>inermis</span> 
     </span>
    </p>
   </div>
   <div class='ocr_carea' id='block_1_6' title="bbox 176 3392 1199 3775">
    <p class='ocr_par' dir='ltr' id='par_1_7' title="bbox 176 3392 999 3477">
     <span class='ocr_line' id='line_1_30' title="bbox 176 3392 999 3477; baseline 0.011 -22"><span class='ocrx_word' id='word_1_203' title='bbox 176 3392 257 3455; x_wconf 90' lang='lat' dir='ltr'>Rem</span> <span class='ocrx_word' id='word_1_204' title='bbox 273 3393 369 3471; x_wconf 87' lang='lat' dir='ltr'>gerit:</span> <span class='ocrx_word' id='word_1_205' title='bbox 393 3406 426 3456; x_wconf 89' lang='lat' dir='ltr'>et</span> <span class='ocrx_word' id='word_1_206' title='bbox 443 3394 530 3458; x_wconf 82' lang='lat' dir='ltr'>furtis</span> <span class='ocrx_word' id='word_1_207' title='bbox 544 3398 702 3459; x_wconf 89' lang='lat' dir='ltr'>incautum</span> <span class='ocrx_word' id='word_1_208' title='bbox 720 3397 836 3477; x_wconf 89' lang='lat' dir='ltr'>decipit</span> <span class='ocrx_word' id='word_1_209' title='bbox 851 3398 999 3464; x_wconf 88' lang='lat' dir='ltr'>hostem?</span> 
     </span>
    </p>

    <p class='ocr_par' dir='ltr' id='par_1_8' title="bbox 176 3492 1199 3680">
     <span class='ocr_line' id='line_1_31' title="bbox 176 3492 1199 3577; baseline 0.015 -24"><span class='ocrx_word' id='word_1_210' title='bbox 176 3493 247 3572; x_wconf 91' lang='lat' dir='ltr'>Ipse</span> <span class='ocrx_word' id='word_1_211' title='bbox 262 3492 343 3555; x_wconf 89' lang='lat' dir='ltr'>nitor</span> <span class='ocrx_word' id='word_1_212' title='bbox 357 3496 467 3573; x_wconf 74' lang='lat' dir='ltr'>galee,</span> <span class='ocrx_word' id='word_1_213' title='bbox 483 3497 566 3559; x_wconf 89' lang='lat' dir='ltr'>claro</span> <span class='ocrx_word' id='word_1_214' title='bbox 580 3499 729 3560; x_wconf 88' lang='lat' dir='ltr'>radiantis</span> <span class='ocrx_word' id='word_1_215' title='bbox 744 3500 784 3561; x_wconf 90' lang='lat' dir='ltr'>ab</span> <span class='ocrx_word' id='word_1_216' title='bbox 799 3522 886 3577; x_wconf 90' lang='lat' dir='ltr'>auro,</span> <span class='ocrx_word' id='word_1_217' title='bbox 1146 3514 1199 3575; x_wconf 85' lang='lat'>105</span> 
     </span>
     <span class='ocr_line' id='line_1_32' title="bbox 176 3593 905 3680; baseline 0.015 -25"><span class='ocrx_word' id='word_1_218' title='bbox 176 3593 307 3655; x_wconf 89' lang='lat' dir='ltr'>Insidias</span> <span class='ocrx_word' id='word_1_219' title='bbox 322 3598 443 3673; x_wconf 89' lang='lat' dir='ltr'>prodet,</span> <span class='ocrx_word' id='word_1_220' title='bbox 459 3598 730 3680; x_wconf 82' lang='lat' dir='ltr'>manifestabitque</span> <span class='ocrx_word' id='word_1_221' title='bbox 747 3601 905 3665; x_wconf 89' lang='lat' dir='ltr'>latentem.</span> 
     </span>
    </p>

    <p class='ocr_par' dir='ltr' id='par_1_9' title="bbox 177 3696 1016 3775">
     <span class='ocr_line' id='line_1_33' title="bbox 177 3696 1016 3775; baseline 0.017 -16"><span class='ocrx_word' id='word_1_222' title='bbox 177 3696 241 3759; x_wconf 83' lang='lat' dir='ltr'>Sed</span> <span class='ocrx_word' id='word_1_223' title='bbox 257 3714 359 3774; x_wconf 89' lang='lat' dir='ltr'>neque</span> <span class='ocrx_word' id='word_1_224' title='bbox 374 3696 536 3761; x_wconf 85' lang='lat' dir='ltr'>Dulichius</span> <span class='ocrx_word' id='word_1_225' title='bbox 551 3700 609 3761; x_wconf 93' lang='lat' dir='ltr'>sub</span> <span class='ocrx_word' id='word_1_226' title='bbox 625 3701 753 3763; x_wconf 88' lang='lat' dir='ltr'>Achillis</span> <span class='ocrx_word' id='word_1_227' title='bbox 769 3704 887 3767; x_wconf 88' lang='lat' dir='ltr'>casside</span> <span class='ocrx_word' id='word_1_228' title='bbox 904 3719 1016 3775; x_wconf 89' lang='lat' dir='ltr'>vertex</span> 
     </span>
    </p>
   </div>
   <div class='ocr_carea' id='block_1_7' title="bbox 0 0 1288 4209">
    <p class='ocr_par' dir='ltr' id='par_1_10' title="bbox 0 0 1288 4209">
     <span class='ocr_line' id='line_1_34' title="bbox 0 0 1288 4209; baseline 0 1"><span class='ocrx_word' id='word_1_229' title='bbox 0 0 1288 4209; x_wconf 95' lang='lat' dir='ltr'> </span> 
     </span>
    </p>
   </div>
  </div>
 </body>
</html>
