2567 4209
146 338 189 399 50
420 316 539 368 OVID'S
562 295 898 361 METAMORPHOSES.

148 494 317 564 Restabam
333 490 426 555 solus.
471 484 625 550 Pavidum
640 476 844 562 gelidumque
860 456 1016 528 trementi

149 606 296 685 Corpore,
312 598 424 679 vixque
439 612 545 656 meum
561 588 664 651 firmat
678 584 768 656 deus,
785 585 805 615 “
816 565 980 644 Excute,''
998 560 1135 632 diceus,

152 707 285 770 “Corde
301 712 431 777 metum,
447 697 600 775 Diamque
617 687 723 753 tene.''
770 679 907 745 Delatus
918 673 954 735 iu
970 668 1076 740 illam,

151 809 301 875 Accensis
316 806 386 881 aris,
402 799 559 867 Baccheia
574 816 662 859 sacra
677 782 865 870 frequento?
1137 764 1206 827 275

471 1047 583 1093 DEATH
607 1046 647 1086 OF
672 1034 858 1083 rensuum.

601 1215 631 1257 v.
653 1194 730 1255 692.

158 1344 368 1410 ‘Praebuimus
383 1335 503 1419 longis,’
521 1332 691 1406 Pentheus,
708 1319 913 1403 ‘ambagibus
927 1309 1051 1387 aures,'

161 1449 275 1531 lnquit,
293 1454 348 1506 ‘ut
363 1443 407 1505 ira
422 1440 508 1503 morti
525 1438 601 1500 vires
617 1435 781 1497 absumere
798 1432 914 1509 posset.

159 1550 364 1632 Praecipitem,
381 1542 497 1618 famuli,
514 1540 611 1621 rapite
628 1540 724 1613 hunc,
741 1531 943 1609 cruciataque
959 1519 1042 1585 diris

160 1657 297 1733 Corpora
311 1645 470 1711 tormentis
488 1644 605 1727 Stygiae
622 1639 777 1705 demittite
793 1632 900 1698 nocti.'

162 1756 303 1822 Protinus
319 1752 489 1816 abstructus
505 1746 608 1808 solidis
624 1744 808 1828 Tyrrhenus
825 1739 954 1800 Acoetes
1146 1724 1212 1786 280

162 1859 324 1925 Clauditur
337 1856 369 1918 in
386 1850 491 1916 tectis:
516 1860 558 1927 et,
575 1850 653 1911 dum
668 1846 808 1911 crudelia
820 1844 915 1927 jussoe

165 1968 373 2030 Instrumenta
387 1956 482 2033 necis,
498 1954 676 2035 ferrumque
692 1951 836 2033 ignisque
852 1951 1015 2028 parantur,

169 2072 289 2151 Sponte
305 2064 362 2126 sut
377 2060 511 2143 patuisse
527 2058 618 2133 fores,
635 2055 800 2135 lapsasque
815 2048 941 2113 lacertis

168 2174 286 2251 Sponte
303 2166 367 2240 suri,
385 2163 467 2224 sarna
482 2170 539 2236 est,
555 2159 641 2221 nullo
657 2158 808 2233 solvente,
823 2165 964 2217 catenas.

167 2273 286 2336 Perstat
302 2264 507 2338 Echionides,
532 2282 592 2325 nec
604 2264 669 2345 jam
681 2262 772 2346 jubet
787 2261 842 2335 ire,
860 2257 917 2320 sed
932 2256 1002 2336 ipse
1145 2249 1211 2312 285
1264 2243 1265 2246 ¹

168 2372 273 2449 Vadit,
289 2369 352 2445 ubi,
368 2368 484 2430 electus
499 2364 642 2427 facienda
658 2367 699 2428 ad
715 2386 813 2441 sacra,
831 2361 993 2425 Cithaeron
1264 2345 1265 2348 ¹

169 2474 319 2539 Cantibus
334 2482 366 2534 et
381 2470 463 2534 clari,
476 2468 685 2531 bacchantum
701 2488 779 2531 voce
796 2466 938 2529 sonabat.

170 2580 215 2645 Ut
230 2578 330 2643 fremit
345 2596 416 2640 aoer
430 2593 538 2656 equus,
554 2574 625 2637 clun
642 2573 773 2635 bellicus
789 2593 851 2634 aere
868 2590 986 2634 canoro

174 2685 269 2767 Signa
285 2680 371 2745 dedit
386 2679 522 2755 tubicen,
539 2698 716 2759 pugnaeque
731 2675 869 2739 adsumit
884 2692 1046 2737 amorem:

173 2787 312 2850 Penthea
327 2782 371 2845 sic
386 2783 464 2844 ictus
479 2781 578 2861 longis
594 2781 762 2843 ululatibus
778 2780 878 2842 aether
1145 2776 1210 2837 290

174 2889 285 2965 Movit,
301 2896 333 2949 et
348 2884 455 2948 audito
470 2883 614 2964 clangore
630 2884 794 2947 recanduit
804 2859 864 2946 ira.

220 2993 330 3055 Monte
347 2990 411 3052 fere
427 2987 530 3049 medio
545 2996 602 3064 est,
618 2988 816 3069 cingentibus
831 2986 941 3049 ultima
957 2984 1055 3061 silvis,

176 3096 275 3159 Purus
290 3097 329 3160 ab
344 3093 512 3169 arboribus,
528 3091 703 3173 spectabilis
718 3091 858 3172 u‘ndique
875 3110 1018 3169 campus.
1123 3128 1127 3135 ·

178 3199 241 3262 Hic
256 3200 352 3263 oculis
367 3198 453 3261 illurn
469 3205 649 3259 cernentem
665 3217 752 3258 sacra
768 3194 906 3276 profanis

178 3300 281 3364 Prima
297 3304 389 3378 videt,
406 3301 503 3382 prima
518 3309 565 3361 est
580 3299 688 3360 insano
703 3298 826 3361 concita
841 3307 940 3373 motu,

86 3474 97 3491 ,
179 3402 282 3467 Prima
297 3426 386 3471 suurn
402 3404 494 3465 misso
510 3401 632 3465 violavit
648 3401 789 3464 Penthea
804 3402 911 3483 thyrso

180 3502 301 3571 Mater:
327 3510 391 3587 ‘lo,
407 3506 559 3591 geminoe,'
577 3505 730 3581 clamavit,
748 3507 875 3567 ‘adeste
891 3524 1031 3567 sorores:

180 3602 237 3669 Ille
253 3633 336 3692 aper,
353 3615 383 3676 in
400 3612 509 3675 nostris
525 3620 605 3673 errat
620 3611 672 3689 qui
689 3610 839 3671 maximus
855 3608 948 3687 agris,

181 3702 238 3769 llle
254 3714 329 3776 mihi
346 3716 500 3777 feriendus
515 3713 610 3793 aper.’
657 3712 734 3772 Ruit
748 3710 850 3772 omnis
866 3710 898 3770 in
914 3730 1016 3771 unum
