2567 4209
532 305 629 354 BOOK
653 305 713 354 XII.

103 476 202 554 Inde,
219 477 304 540 velut
318 498 407 540 muro
423 476 561 541 solidlve
577 500 597 540 a
612 486 715 553 caute,
732 474 855 557 repulsa
870 483 929 537 est.

101 582 189 651 Qut
205 594 310 645 tamen
325 583 405 646 ictus
420 593 496 659 erat,
513 583 670 665 signatum
687 581 838 663 sanguine
854 579 999 662 Cycnum

106 687 252 765 Viderat,
268 702 300 749 et
315 687 428 751 frustrb
443 688 545 750 fuerat
559 688 684 770 gavisus
700 685 857 750 Achilles:

107 791 235 854 Vulnus
251 804 318 854 erat
333 793 472 871 nullum3
496 793 622 875 sanguis
637 805 705 856 erat
720 792 770 856 ille
786 791 948 855 Menoetae.

101 897 197 959 Tum
213 913 288 960 vero‘
302 918 441 980 praeceps
458 912 549 961 curru
565 897 789 960 fremebundus
805 896 845 959 ab
861 895 925 959 alto
1092 896 1135 959 90
1233 979 1236 984 Ι

102 1000 234 1079 Desilit,
250 1012 282 1065 et
297 1004 397 1066 nitido
413 1024 557 1066 securum
573 1004 714 1066 cominus
731 1004 852 1066 bostem

104 1105 198 1170 Ense
213 1118 334 1189 petens,
352 1130 491 1190 parmam
506 1108 622 1191 gladio,
638 1108 822 1191 galeamque
838 1106 940 1171 cavari

103 1211 229 1289 Cernit,
245 1223 278 1276 et
293 1212 325 1275 in
341 1214 420 1276 duro
435 1213 508 1276 laedi
523 1214 648 1296 quoque
665 1234 794 1296 corpore
810 1213 936 1275 serrum.

104 1316 209 1379 Haud
226 1317 295 1381 tulit
311 1318 458 1396 ulterius3
482 1318 655 1402 clypeoque
671 1319 802 1381 adversa
816 1318 947 1380 reducto

104 1422 177 1484 Ter
192 1433 299 1504 quater
314 1444 369 1486 ora
384 1423 450 1501 viri,
467 1423 579 1505 capulo
594 1444 672 1487 cava
687 1434 828 1505 tempora
844 1422 965 1505 pulsat3
1092 1424 1135 1485 95

106 1526 307 1610 Cedentique
324 1549 458 1611 sequens
473 1529 578 1606 instat,
594 1530 770 1611 turbatque,
786 1528 919 1610 ruitque,

107 1632 318 1715 Attonitoque
334 1644 428 1716 negat
443 1635 599 1717 requiem:
624 1656 721 1718 pavor
736 1643 871 1717 occupat
886 1632 983 1711 illum,

108 1737 197 1800 Ante
212 1738 380 1821 oculosque
397 1750 506 1803 natant
521 1740 670 1817 tenebrae,
687 1750 830 1828 retroque
847 1739 959 1802 serenti

109 1842 247 1905 Aversos
262 1865 381 1926 passus,
396 1846 502 1907 medio
516 1844 594 1927 lapis
610 1845 729 1907 obstitit
743 1865 829 1907 arvo.

110 1950 220 2017 Quem
236 1970 328 2031 super
343 1949 511 2031 impulsum
527 1950 674 2032 resupino
689 1958 816 2031 pectore
832 1947 976 2031 Cycnum
1073 1952 1137 2015 10⁰.

110 2054 153 2116 Vi
169 2054 267 2116 multa
282 2054 383 2130 vertit,
400 2065 552 2136 terraeque
567 2054 688 2116 adflixit
704 2053 851 2117 Achilles.

109 2159 207 2236 Tum,
224 2159 335 2241 clypeo
349 2159 544 2241 genibusque
560 2180 705 2242 premens
721 2158 893 2241 praecordia
909 2158 1004 2236 duris,

113 2264 224 2328 Vincla
240 2264 332 2326 trahit
346 2263 445 2345 galeae
458 2286 466 2341 3
490 2284 560 2345 quae
577 2284 684 2347 presso
699 2264 823 2327 subdita
839 2272 947 2327 mento

111 2369 243 2431 Elidunt
258 2368 375 2446 fauces,
391 2379 424 2431 et
438 2370 628 2453 respiramen
645 2370 764 2451 iterque

112 2474 258 2557 Eripiunt
273 2474 404 2537 animae:
429 2474 545 2537 victum
562 2473 693 2556 spoliare
709 2474 855 2557 parabat:
952 2496 954 2498 ·
1073 2476 1136 2537 105

113 2579 210 2643 Arma
224 2578 331 2642 relicta
347 2579 451 2641 videt:
476 2600 589 2661 corpus
604 2579 683 2641 dens
699 2578 831 2660 aequoris
846 2576 949 2641 albam

111 2682 253 2747 Contulit
265 2682 298 2746 in
315 2683 483 2758 volucrem,
500 2684 590 2768 cujus
605 2684 700 2746 modo
716 2702 831 2745 nomen
848 2681 994 2746 habebat.

390 2951 552 2991 aculuaus
577 2952 672 2991 SLAIN
695 2951 736 2991 ΒΥ
760 2951 865 2991 PARIS·

561 3105 590 3145 v.
614 3087 691 3147 580.

113 3219 156 3283 At
172 3218 260 3297 deus,
275 3240 436 3300 aequoreas
451 3218 504 3300 qui
521 3217 651 3299 cuspide
669 3226 821 3298 temperat
837 3217 948 3294 undas,

113 3325 150 3388 lu
165 3323 324 3386 volucrem
340 3344 452 3406 corpus
469 3321 533 3385 nati
551 3321 756 3385 Stheneleida
773 3342 894 3383 versum

112 3429 222 3492 Mente
238 3428 324 3491 dolet
338 3428 448 3511 patrib,
465 3448 645 3509 saevumque
661 3448 789 3509 perosus
806 3426 959 3490 Achillem
1075 3433 1138 3491 110

114 3534 246 3597 Exercet
261 3554 425 3609 memores,
442 3532 510 3613 plbs
526 3533 620 3613 quam
635 3531 776 3609 civiliter,
793 3532 863 3594 iras.

112 3638 244 3719 Jamque
260 3638 324 3699 sere
341 3648 442 3700 tracto
457 3638 522 3699 duo
536 3656 592 3717 per
607 3636 823 3717 quinquennia
837 3634 930 3710 bello,
1039 3686 1041 3692 .

113 3743 241 3808 Talibus
256 3742 416 3805 intonsum
432 3737 599 3821 compellat
615 3739 790 3820 Smynthea
806 3737 913 3799 dictis:
