2567 4209
524 308 621 357 BOOK
645 308 676 357 V.

65 474 236 559 Applicat
250 476 325 541 hine
340 477 485 541 humeros
500 478 544 541 ad
556 499 682 561 magnae
697 498 773 540 saxa
788 477 954 555 columnae,

64 581 234 665 Tutaque
250 593 337 665 terga
351 605 473 666 gerens,
489 585 682 665 adversaque
697 582 729 648 in
744 582 871 664 agmina
885 602 1003 661 versus,

69 688 230 750 Sustinet
244 688 406 752 instantes.
452 688 614 751 Instabant
630 698 718 771 parte
733 687 855 751 sinistri
1045 689 1110 752 -105

69 792 247 856 Chaonius
262 793 419 875 Molpens,
435 794 546 857 dextre
562 793 757 859 Nabathaeus
773 792 940 859 Ethemon.

70 898 190 979 Tigris
206 908 251 975 nt,
266 898 381 961 auditis
396 899 519 989 diverph
533 898 613 962 valle
629 900 761 963 duorum

75 1003 293 1067 Exstimulata
308 1004 390 1067 fame
406 1004 575 1087 mugitibus
590 1015 812 1081 armentorum,

16 1132 21 1191 J
77 1107 208 1186 Nescit,
225 1108 295 1171 utri)
310 1110 412 1191 potitis
429 1119 507 1186 ruat,
524 1117 557 1171 et
571 1130 660 1172 ruere
676 1110 766 1173 ardet
780 1108 932 1192 utrdque3

16 1262 17 1297 ἑ
78 1214 143 1277 Sic
159 1214 273 1277 dubius
288 1213 430 1291 Persem,
447 1214 556 1277 dextre
570 1214 691 1279 laevane
707 1214 833 1290 seratur,
1045 1216 1111 1281 iro

80 1318 218 1401 Molpea
233 1318 354 1403 trajecti
367 1318 525 1382 submovit
540 1318 668 1383 vulnere
683 1318 799 1395 cruria3

80 1422 326 1506 contentusque
347 1423 423 1507 lugd
443 1434 512 1501 est.
547 1422 661 1505 Neque
683 1423 768 1487 enim
791 1423 847 1487 dat
868 1433 992 1506 tempus
1015 1420 1111 1502 Ethe-

267 1550 361 1606 mon;

83 1634 156 1697 Sed
172 1633 263 1696 lurit:
288 1643 331 1711 et,
348 1634 478 1719 cupiens
493 1633 556 1697 alto
571 1635 646 1697 dare
663 1634 791 1699 vulnera
806 1632 897 1714 collo,

87 1739 121 1801 N
123 1760 165 1801 on
182 1738 415 1821 circumspectis
430 1750 574 1803 exactum
591 1739 706 1803 viribus
721 1760 830 1804 ensem
848 1794 851 1799 .

86 1844 212 1926 Fregit:
237 1854 270 1907 et
284 1844 424 1907 extrema
439 1864 595 1926 percusse
611 1855 699 1926 parte
715 1844 871 1910 columnae
1044 1845 1111 1914 ,115
1198 1904 1203 1911 ,

86 1948 222 2012 Lamina
236 1948 377 2027 dissiluit,
393 1949 573 2031 dominique
589 1948 622 2013 in
637 1958 763 2029 gutture
778 1948 841 2011 fixa
854 1958 913 2013 est.

90 2054 166 2117 Non
183 2066 285 2117 tamen
301 2054 343 2117 ad
358 2053 456 2117 letum
471 2074 580 2117 causas
596 2052 669 2117 satis
684 2052 736 2116 illa
750 2052 888 2118 valentes

88 2159 186 2243 Plaga
201 2160 298 2224 dedit.
323 2242 326 2248 Ι
344 2158 519 2241 Trepidam
535 2158 677 2235 Perseus,
692 2167 725 2221 et
739 2157 870 2221 inermia
883 2156 997 2225 'trustra

89 2265 222 2329 Brachia
237 2265 421 2329 tendentem
437 2262 602 2347 Cyllenide
617 2263 759 2327 confodit
773 2262 881 2346 harpe.

152 2514 293 2557 PHINEUS
317 2514 383 2555 Arm
407 2512 461 2555 ms
486 2513 688 2555 contremens
712 2514 846 2555 wattun
868 2514 911 2559 ’ΒΟ
935 2512 1049 2557 ΝΟΜ.

138 2686 252 2751 Verum
267 2684 321 2749 ubi
337 2685 482 2749 virtutem
497 2684 595 2749 turbae
612 2684 816 2751 succumbere
831 2684 919 2762 vidit,
1047 2684 1113 2753 tw

93 2791 292 2868 ‘Auxilium'
310 2790 451 2867 Perseus,
470 2789 637 2871 ‘quoniam
652 2789 698 2854 sic
713 2788 823 2872 cogitis
838 2787 918 2871 ipsi,’

92 2897 189 2974 Dixit,
207 2896 266 2959 ‘ab
281 2895 370 2961 hoste
385 2908 509 2977 petam3
533 2895 635 2959 vultus
650 2894 780 2958 avertite
796 2903 923 2973 uestros,

94 3002 132 3065 Si
145 3002 212 3083 quis
227 3000 345 3065 amicus
360 2999 488 3063 adest:’
512 3010 545 3063 et
560 3000 716 3082 Gorgonis
731 2999 842 3063 extulit
857 3020 921 3064 ora.

95 3106 230 3175 ‘Quaere
245 3105 352 3183 ulium,
368 3114 422 3168 tua
437 3125 530 3187 quem
545 3115 694 3167 moveant
707 3103 877 3179 miracula,'
893 3102 973 3168 dixit

94 3210 281 3275 Thescelus:
307 3220 404 3292 utque
419 3230 515 3273 manu
527 3208 667 3293 jaculum
683 3205 776 3270 fatale
792 3206 921 3288 parabat
1050 3207 1113 3271 12⁵

96 3316 229 3393 Mittere,
246 3316 279 3379 in
296 3316 356 3377 hoc
371 3314 461 3375 haesit
476 3313 599 3393 signum
615 3310 656 3373 de
672 3332 824 3374 marmore
839 3321 940 3394 gestu.

97 3421 253 3485 Proximus
270 3417 344 3482 huie
361 3418 485 3500 Ampyx
500 3415 596 3479 animi
612 3415 791 3498 plenissima
805 3416 912 3500 magni

98 3527 223 3591 Pectora
238 3523 390 3607 Lyncidae
406 3521 511 3604 gladio
527 3521 625 3603 petit;
650 3521 744 3603 inque
760 3524 899 3603 petendo

99 3631 231 3695 Dextera
247 3627 383 3709 diriguit,
400 3646 461 3689 nec
476 3625 554 3689 citra
568 3634 655 3687 mota
669 3646 730 3690 nec
745 3626 835 3691 ultra.

99 3737 140 3803 At
153 3734 273 3811 Nileus,
289 3732 343 3814 qui
358 3753 391 3795 se
405 3731 548 3814 genitum
564 3730 766 3812 septemplice
782 3730 857 3795 Nilo
1050 3731 1115 3791 13⁰
