2567 4209
181 300 225 366 38
459 294 578 345 ovm’s
599 292 930 345 Muxnuoaruosus.

181 462 319 548 Expulit,
335 474 369 529 et
383 464 472 528 saeris
488 463 681 547 compescuit
695 463 819 545 ignibus
833 463 933 546 ignes.

180 568 426 633 Consternantur
440 570 523 653 equi,
539 581 572 633 ct
586 569 666 632 saltu
682 569 714 631 in
730 568 885 632 contraria
899 568 998 646 sacto,

181 672 270 737 Colla
280 673 358 759 jugo
372 673 519 756 eripiunt,
534 672 727 755 abruptaque
743 671 809 735 lora
824 671 1018 754 relinquunt.

181 776 249 842 Illic
263 778 361 841 sraena
371 778 489 863 jacent,
505 778 567 840 illic
583 788 709 840 temone
726 777 866 839 revulsus
1155 780 1221 840 315

181 880 278 960 Axis3
300 880 333 945 in
349 881 409 945 hac
424 882 500 945 radii
516 882 682 945 fractarum
698 892 785 963 parte
802 891 958 958 rotarum3

183 987 358 1069 Sparsaque
374 996 446 1049 sunt
461 985 522 1049 late
538 986 631 1049 laceri
647 986 777 1068 vestigia
791 986 908 1049 curnis.

182 1090 226 1153 At
241 1089 414 1167 Phaethon,
430 1089 537 1152 rutilos
552 1090 678 1153 flammis
693 1089 863 1172 populante
878 1089 1018 1171 capillos,

182 1194 323 1259 Volvitur
337 1194 370 1258 in
386 1216 535 1278 praeoeps,
552 1195 707 1277 longoque
723 1216 779 1277 per
793 1199 865 1259 adra
881 1206 980 1259 tractu

181 1299 309 1364 Fertur:
334 1311 369 1363 ut
383 1300 539 1364 interdum
555 1300 693 1363 decoelo
708 1300 795 1363 stella
811 1321 930 1376 sereno,
1147 1306 1216 1366 320

182 1404 250 1469 Etsi
266 1428 330 1469 non
345 1405 471 1483 cecidit,
487 1404 589 1487 potuit
603 1405 754 1468 cecidisse
770 1405 877 1467 videri.

182 1508 289 1577 Quem
304 1509 411 1591 procul
427 1530 446 1571 a
462 1510 560 1590 patrii
575 1510 697 1571 diverso
712 1509 865 1573 maximus
880 1509 954 1572 orbe

181 1610 306 1694 Excipit
321 1610 486 1688 Eridanus,
503 1614 741 1695 spumantiaque
757 1614 855 1677 abluit
869 1636 932 1677 ora.

226 1714 345 1780 Naides
361 1715 523 1797 Hesperia
541 1717 642 1780 trifidi
658 1718 809 1782 fumantia
823 1719 949 1782 flammi

181 1819 321 1904 Corpora
335 1822 413 1886 dant
428 1820 558 1898 tumulo,
577 1822 763 1905 signentque
778 1824 838 1887 hoc
854 1824 991 1887 carmine
1007 1846 1138 1887 saxum:

183 1925 265 1991 ‘Hic
281 1926 357 1990 situs
371 1938 419 1990 est
434 1926 608 2005 Phaethon,
624 1929 731 1991 curris
746 1929 852 2011 auriga
868 1929 1006 2011 patemi3
1140 1933 1207 1994 326

183 2030 289 2102 Quem
306 2032 331 2095 si
347 2054 410 2095 non
426 2032 536 2109 tenuit,
553 2032 674 2114 magnis
690 2042 793 2095 tamen
810 2032 926 2097 excidit
940 2032 1045 2095 ausis?

183 2137 266 2199 Nam
282 2147 371 2218 pater
385 2137 548 2213 obductos,
565 2136 652 2200 luctu
667 2137 847 2199 miserabilis
863 2158 957 2220 oegro,
1047 2192 1049 2195 .

182 2238 374 2302 Condiderat
389 2239 510 2302 vultus:
536 2251 578 2317 et,
595 2241 730 2304 simodo
746 2242 910 2319 credimus,
928 2262 1025 2305 unum

182 2342 247 2407 Isse
263 2342 346 2405 diem
362 2342 428 2406 sine
445 2343 508 2406 sole
524 2347 637 2408 lerunt.
684 2346 836 2409 Incendia
851 2347 957 2409 lumen
1140 2354 1208 2414 330

182 2446 377 2525 Proebebant,
393 2447 565 2531 aliquisque
580 2450 663 2511 malo
679 2451 736 2513 luit
752 2474 826 2513 usus
844 2452 875 2514 in
890 2451 954 2514 illo.

182 2552 227 2617 At
242 2551 405 2637 Clymene,
423 2563 586 2637 postquam
603 2554 691 2632 dixit,
708 2577 903 2638 quaecunque
920 2556 1047 2619 fuerunt

182 2658 220 2722 ln
236 2658 329 2721 tantis
344 2659 479 2723 dicenda
493 2660 592 2737 malis,
609 2659 746 2741 lugubris
761 2670 794 2722 et
808 2682 926 2739 amens,

182 2763 225 2827 Et
240 2762 354 2826 laniata
369 2764 464 2841 sinus,
480 2774 581 2826 totum
597 2764 775 2845 percensuit
789 2765 915 2842 orbem;

183 2866 412 2948 Exanimcsque
427 2877 511 2929 artus
527 2868 636 2949 prime,
653 2890 726 2930 mox
742 2890 812 2932 ossa
826 2870 995 2951 requirens,
1140 2876 1206 2937 335

182 2970 313 3053 Reperit
328 2991 398 3034 ossa
412 2981 516 3034 tamen
534 2973 699 3054 peregrini
713 2975 841 3037 condita
856 2974 932 3057 ripe.

182 3075 391 3160 Incubuitque
407 3076 494 3141 loco:
519 3098 697 3160 nomenque
713 3077 746 3141 in
762 3100 914 3142 marmore
931 3079 1047 3143 lectum

182 3181 324 3246 Perfudit
338 3181 490 3265 lacrymis,
507 3195 539 3247 et
553 3195 662 3266 aperto
677 3195 803 3264 pectore
819 3183 905 3247 fovit.

444 3430 512 3470 nnn
536 3430 664 3472 srsrnas
688 3434 728 3474 or
753 3411 943 3475 rusiruon.

630 3587 659 3628 v.
683 3572 760 3631 340.

229 3702 300 3766 Nec
314 3704 582 3766 minus-Heliades
597 3706 699 3782 fletus,
715 3717 758 3783 et,
775 3707 888 3769 inania·
896 3708 988 3770 morti

184 3804 422 3884 Munera,-dant
437 3806 605 3888 lacrymas:
631 3810 1038 3890 et·caesae·pectora·palmis
1138 3820 1199 3881 340
