2567 4209
155 308 218 370 lot
429 298 548 348 ovrns
570 297 902 348 nnrnnonrnosns.

152 471 197 536 At
211 468 296 534 valet
311 469 513 554 Eurystheus,
529 478 563 532 et
576 477 659 546 aunt,
675 468 728 551 qui
743 468 871 531 credere
886 468 1010 551 possint

153 576 230 640 Esse
245 575 363 639 deosl'
409 574 513 638 Dixit:
539 594 656 656 perque
671 573 766 638 altam
781 574 905 637 saucius
919 572 1023 638 OEten

152 679 249 744 Haud
265 680 353 744 aliter
367 680 515 763 graditur,
531 680 624 760 quim
641 678 666 741 si
682 677 836 741 venabula
851 678 937 760 tigris

151 783 289 868 Corpore
305 785 366 847 fixa
380 794 478 867 gerat,
494 784 630 866 factique
646 782 792 866 refugerit
807 794 926 847 auctor.

153 890 247 973 Saepe
263 888 347 953 illurn
362 889 496 972 gemitus
510 889 669 965 edentem,
685 909 769 970 saepe
785 887 982 965 frementem,
1141 893 1192 954 to

152 996 247 1077 Saepe
262 1004 469 1057 retentantem
484 1003 565 1056 totas
580 993 748 1074 infringere
764 1002 876 1070 vestes,

153 1100 412 1181 sternentemque
427 1099 540 1175 trabes,
555 1098 801 1179 irascentemque
818 1097 938 1161 videres

151 1203 323 1283 Montibus,
338 1214 394 1267 aut
408 1203 509 1289 patrio
522 1204 707 1267 tendentem
723 1202 849 1266 brachia
863 1201 954 1267 ooelo.

152 1309 236 1373 Ecce
251 1309 371 1374 Lichan
388 1309 554 1391 trepidum,
569 1318 602 1373 et
616 1307 790 1372 latitantem
806 1329 882 1391 rupe
897 1308 1008 1372 cavata

151 1415 314 1498 Adspicit:
339 1426 435 1498 utque
450 1414 538 1477 dolor
552 1413 671 1477 rabiem
686 1413 853 1496 collegerat
868 1434 1013 1492 omnem;
1136 1419 1186 1479 ‘15

151 1520 273 1598 ‘Tune,
289 1520 409 1596 Licha,'
426 1519 514 1596 dixit,
531 1518 656 1581 ‘feralia
671 1518 755 1581 dona
769 1518 886 1581 tulisti?

151 1620 244 1688 Tune
258 1644 338 1686 meae
353 1623 440 1686 necis
454 1634 562 1687 auctor
577 1624 658 1686 eris?
670 1623 677 1652 ’
703 1623 805 1687 tremit
820 1622 881 1701 ille,
898 1633 1054 1707 pavetque

150 1726 297 1806 Pallidus,
313 1738 346 1791 et
360 1728 468 1791 timid'e
485 1727 579 1791 verba
593 1728 774 1793 excusantia
790 1728 877 1791 dicit.

150 1832 327 1911 Dicentem,
342 1832 535 1916 genibusque
551 1853 662 1896 manus
677 1834 824 1896 adhibere
840 1842 1012 1915 parantem,

150 1937 285 2022 Corripit
299 1939 437 2016 Alcides,
453 1948 486 2002 et
502 1949 608 2021 terque
624 1949 795 2020 quaterque
810 1948 945 2002 rotatum
1132 1942 1181 2005 80

150 2042 249 2109 Mittit
264 2044 295 2107 in
313 2045 478 2122 Euboicas,
495 2053 650 2107 tormento
665 2044 783 2119 sortiris,
802 2045 912 2107 undas.

150 2146 206 2212 Ille
221 2170 276 2231 per
291 2150 390 2212 aenas
405 2149 546 2229 pendens
561 2148 700 2212 induruit
714 2169 822 2213 auras:

150 2250 256 2334 thue
273 2252 377 2314 lerunt
390 2250 503 2314 imbres
517 2252 628 2335 gelidis
642 2273 843 2317 concrescere
860 2253 959 2317 ventis
971 2275 979 2331 ;

151 2355 207 2419 Sic
221 2354 308 2418 illum
323 2355 432 2418 validis
446 2367 552 2419 actum
568 2378 623 2439 per
638 2358 731 2421 inane
747 2356 878 2435 lacertiS,

150 2459 519 2543 Exsanguemquemetu,
531 2463 773 2545 necquidquam
786 2463 921 2527 humoris
934 2463 1115 2544 habentem,
1132 2468 1177 2531 85

150 2564 188 2629 In
202 2565 317 2650 rigidas
332 2587 455 2629 versum
470 2566 571 2630 silices
586 2567 668 2649 prior
683 2568 781 2633 edidit
795 2578 882 2631 retas.

150 2672 247 2737 Nunc
261 2673 385 2756 qudque
401 2674 433 2737 in
449 2672 592 2736 Euboico
606 2671 751 2755 scopulus
766 2673 866 2737 brevis
881 2674 996 2737 emicat
1010 2674 1085 2739 alte.

150 2776 292 2861 Gurgite,
308 2788 341 2840 et
356 2778 501 2841 humanae
517 2789 619 2841 servat
633 2778 763 2860 vestigia
777 2777 896 2841 formae.

150 2881 268 2958 Quem,
284 2882 371 2964 quasi
387 2902 559 2960 sensurum,
575 2894 679 2945 nautae
695 2882 815 2947 calcare
831 2893 985 2961 verentur,

150 2984 381 3069 Adpellantque
397 2986 536 3051 Lichan:
560 2997 593 3050 at
609 2998 653 3065 tu,
669 2987 688 3049 J
690 2988 755 3051 ovis
770 2988 886 3072 inclyta
901 2987 1014 3071 proles,
1130 2995 1177 3057 90

149 3091 321 3157 Arboribus
336 3092 434 3169 caesis,
450 3113 528 3175 quas
542 3093 640 3156 ardua
655 3103 792 3175 gesserat
806 3092 894 3171 OEte,
1270 3112 1271 3205 q

149 3196 249 3281 Inque
265 3219 373 3280 pyram
389 3199 522 3275 structis,
538 3219 629 3261 arcus
645 3197 882 3281 pharetramque
897 3219 1057 3281 capacem,

149 3300 323 3385 Regnaque
338 3303 455 3365 visuras
469 3302 582 3365 iterum
596 3302 735 3387 Trojano
750 3303 885 3385 sagittas,

150 3405 244 3472 Ferre
255 3407 347 3492 jubes
362 3405 492 3469 Poeante
507 3416 626 3472 satum:
652 3428 715 3489 quo
729 3408 854 3471 flamma
870 3408 1008 3473 ministro

151 3512 304 3590 Subdita;
327 3512 465 3593 dumque
480 3511 579 3574 avidis
594 3512 828 3595 comprenditur
842 3512 966 3595 ignibus
981 3534 1088 3596 agger,
1130 3520 1173 3580 95
1268 3538 1269 3543 ¹

150 3616 336 3699 Congeriem
351 3617 436 3679 silvae
452 3615 483 3679 N
485 3637 604 3680 emeaeo
619 3615 734 3679 vellere
750 3637 902 3679 summam
