2567 4209
168 328 232 389 122
443 322 561 373 ovm‘s
582 322 913 373 mennmoarflosas

166 491 259 556 ‘Hoc
272 504 349 571 erat,
365 492 426 557 hoc
439 494 546 557 animo
560 493 646 576 quod
662 494 821 557 divinante
837 494 986 557 timebam
998 516 1008 571 ;

165 594 217 674 Et,
234 619 285 673 ne,
300 618 352 661 me
368 598 500 681 fugiens,
516 608 627 661 ventos
642 618 817 681 sequerere,
834 598 1006 681 rogabam?

165 702 209 765 At
223 704 308 766 certe
325 702 446 780 vellem,
461 704 609 786 quoniam
625 704 781 785 periturus
795 703 913 780 abibas,

164 806 220 870 Me
235 808 359 891 qudque
376 809 527 871 duxisses.
572 808 696 872 Tecum
712 809 771 871 fuit
786 809 871 885 utile,
888 818 994 871 tecum

163 911 213 976 Ire
228 913 313 979 milri.
360 913 473 996 Neque
488 914 572 977 enim
588 913 629 977 de
643 914 716 977 vitae
732 925 872 997 tempore
887 914 1064 996 quidquam
1132 916 1197 978 335

164 1017 238 1080 Non
254 1017 345 1081 simul
360 1018 503 1101 egissem,
520 1039 581 1082 nec
595 1040 678 1082 mors
694 1019 828 1083 discreta
843 1018 962 1082 fuisset.

163 1125 195 1188 N
197 1148 260 1190 unc
274 1126 387 1190 absens
402 1148 507 1209 pereo,
519 1128 620 1212 jactor
634 1149 720 1192 nuuc
735 1128 880 1190 fluctibus
895 1126 1007 1190 absens
1018 1148 1039 1189 εΔ

163 1230 204 1294 Et
219 1231 286 1295 sine
301 1253 352 1295 me
367 1252 419 1296 me
434 1244 550 1315 pontus
565 1232 671 1295 habet.
716 1231 878 1295 Crudelior
894 1232 962 1314 ipso

164 1338 212 1401 Sit
227 1338 302 1401 milri
317 1359 406 1401 mens
422 1337 543 1421 pelago,
559 1338 691 1401 sivimm
708 1338 823 1401 ducere
838 1338 918 1400 nitar

162 1442 311 1526 Longius,
327 1454 360 1507 et
374 1454 462 1507 tanto
476 1464 613 1527 pugnem
630 1464 792 1526 superesse
808 1442 917 1506 dolori.
1130 1447 1196 1509 340

163 1549 229 1611 Sed
245 1569 348 1630 neque
363 1549 528 1630 pugnabo:
554 1560 672 1626 necte,
688 1549 874 1627 miserande,
891 1548 1087 1631 relinquam:

162 1650 204 1713 Et
218 1652 274 1715 tibi
290 1674 375 1715 nunc
390 1652 500 1715 saltem
516 1654 640 1717 veniam
657 1674 779 1718 comes:
805 1654 900 1736 inque
915 1653 1075 1736 sepulcro,

162 1756 275 1821 Sinon
293 1777 380 1835 urna,
397 1767 502 1821 tamen
515 1759 628 1843 junget
643 1780 701 1822 nos
716 1759 823 1837 litera3
847 1760 872 1821 si
889 1780 952 1821 non

161 1862 292 1927 Ossibus
307 1883 378 1927 ossa
393 1864 479 1942 meis,
495 1874 529 1928 at
543 1886 659 1927 nomen
676 1864 802 1928 nomine
817 1864 965 1947 lengum-⁹

161 1968 254 2033 Plura
269 1969 357 2033 dolor
371 1969 533 2054 prohibet3
557 1969 714 2051 verboque
730 1970 896 2033 intervenit
910 1970 996 2033 omni
1128 1975 1192 2037 345

161 2074 304 2158 Plangor,
320 2084 354 2138 et
367 2075 501 2139 attonito
514 2074 649 2158 gemitus
664 2095 682 2137 e
698 2075 793 2139 corde
810 2074 983 2137 trahuntur.

294 2323 378 2384 onix
402 2345 467 2384 aun
493 2344 665 2385 uancroua
694 2345 849 2385 curnem>
872 2344 913 2385 ro
940 2343 1050 2385 arans.

205 2497 302 2561 Mane
317 2507 401 2561 erat:
426 2498 583 2581 egreditur
598 2498 688 2562 tectis
703 2501 744 2563 ad
761 2498 842 2576 litus,
858 2508 891 2561 et
906 2497 993 2561 illum

160 2604 276 2668 Moesta
292 2603 396 2667 locum
411 2604 533 2687 repetit,
550 2606 590 2668 de
605 2625 669 2686 quo
684 2605 838 2686 spectarat
854 2613 992 2666 euntem.

160 2708 318 2792 Dumque,
335 2718 344 2748 ‘
353 2708 494 2774 Moratus
510 2709 551 2772 ibi
563 2710 590 2787 ;'
615 2710 764 2791 dumque,
783 2708 864 2772 ‘Hlo
879 2706 1052 2772 retinacula
1069 2707 1174 2786 solvit,

160 2813 233 2877 Hoc
248 2813 323 2875 milri
339 2814 505 2876 discedens
520 2814 608 2876 dedit
622 2814 729 2877 oscula
744 2814 853 2891 litore‚'
871 2812 956 2891 dicit,
1121 2818 1189 2878 350

160 2916 307 3000 Dumque
324 2925 432 2980 notata
446 2918 544 2981 oculis
559 2919 765 2983 reminiscitur
780 2930 862 2996 acta,
878 2918 1054 3001 fretumque

159 3022 330 3105 Prospicit3
354 3022 386 3085 in
402 3021 530 3106 liquida,
546 3024 648 3105 spatio
662 3024 808 3101 distante,
825 3033 929 3086 tuetur

161 3129 279 3194 Nescio
294 3130 380 3212 quid,
397 3130 484 3213 quasi
500 3150 623 3212 corpus,
639 3129 739 3212 aqua:
764 3128 936 3211 primbque,
953 3126 1027 3210 quid
1045 3127 1125 3192 illud

160 3234 262 3312 Esset,
278 3246 343 3298 erat
359 3236 499 3299 dubium.
547 3234 714 3315 Postquam
732 3231 825 3316 paulo
840 3233 962 3315 appulit
976 3233 1072 3309 unda,

160 3338 211 3416 Et,
227 3340 367 3421 quamvis
382 3340 499 3417 aberat,
515 3360 627 3422 corpus
643 3349 747 3402 tamen
764 3359 832 3403 esse
847 3337 996 3421 liquebat,
1117 3342 1181 3403 355

160 3443 227 3511 Qui
243 3444 332 3519 soret,
349 3444 504 3524 ignorans,
520 3445 594 3523 quia
609 3443 788 3525 naufragus,
804 3444 908 3506 omine
924 3452 1010 3505 mota
1024 3453 1082 3519 est,

160 3545 211 3620 Et,
228 3556 376 3623 tanquam
392 3545 499 3625 ignoto
516 3546 684 3627 lacrymam
700 3548 798 3623 daret,
816 3546 920 3624 ‘Heu,
937 3547 1051 3624 miser,'
1070 3547 1179 3630 inquit,

160 3647 332 3726 ‘Quisquis
347 3667 391 3723 es,
407 3656 440 3708 et
455 3647 480 3709 si
495 3668 558 3730 qua
572 3660 621 3710 est
635 3652 749 3733 conjux
766 3651 821 3711 tibi
832 3652 858 3711 l'
898 3650 1061 3715 Fluctibus
1076 3664 1180 3717 actum

161 3749 216 3811 Fit
231 3748 356 3830 propius
371 3768 492 3830 corpus.
542 3751 639 3818 Quod
656 3772 718 3832 quo
734 3753 831 3833 magis
847 3752 898 3815 illa
915 3764 1029 3832 tuetur,
