2567 4209
151 326 215 389 106
426 317 545 368 ovms
568 316 898 366 narnnonenosns.

149 490 321 556 Luxuriam
335 488 426 567 solet,
441 488 632 572 squamique
649 488 746 550 virere
762 484 900 563 recenti3

152 595 217 675 Sic,
232 594 286 659 ubi
301 592 445 659 mortales
460 593 643 677 Tirynthius
658 592 744 655 exuit
758 602 853 668 artus,

150 701 242 767 Parte
257 700 304 764 sui
320 699 446 763 meliore
461 702 555 781 viget,
570 697 731 781 majorque
746 694 844 759 videri
1125 699 1192 761 130

150 804 265 887 Capit,
280 813 314 867 et
327 802 460 886 augrrsti
474 801 541 865 fieri
554 800 705 884 gravitate
721 800 885 863 verendus.

151 908 258 978 Quem
273 919 361 991 pater
375 906 582 989 omnipotens,
597 905 678 968 inter
693 925 770 969 cava
784 903 891 967 nubila
905 912 1048 987 raptum,

151 1012 349 1097 Quaddjugo
362 1033 455 1076 curru
470 1010 660 1075 radiantibus
675 1008 779 1073 intulit
793 1008 891 1073 astris.

540 1528 692 1594 BOOK
730 1530 781 1593 X.

438 1796 588 1840 ORPHEUS
612 1798 678 1837 AND
702 1796 880 1839 nummos.

621 1934 700 1994 v.l.

151 2070 231 2135 Inde
245 2091 302 2155 per
315 2070 501 2135 immensum
516 2090 630 2134 croceo
645 2068 764 2132 velatus
779 2069 896 2133 amictu

151 2175 237 2241 Adra
251 2175 430 2259 digreditur,
446 2173 662 2257 Ciconumque
677 2173 873 2257 Hymenaeus
886 2174 927 2237 ad
943 2194 1014 2236 oras

150 2280 279 2359 Tendit,
294 2289 328 2343 et
342 2278 470 2361 Orphei
485 2278 692 2360 nequidquam
707 2298 784 2341 voce
800 2288 934 2361 rogatur.

151 2382 264 2448 Adfuit
277 2382 328 2446 ille
343 2382 488 2465 quidem:
512 2382 568 2445 sed
584 2404 645 2445 nec
660 2381 810 2445 solemnia
825 2382 929 2459 verba,

151 2487 222 2552 Nec
236 2486 325 2551 laetos
339 2485 452 2565 vultus,
469 2507 529 2550 nec
544 2485 617 2550 felir
632 2485 736 2549 attulit
752 2508 857 2550 omen.
1158 2492 1181 2553 5

150 2592 216 2656 Far
231 2592 366 2677 qudqua,
382 2613 477 2676 quarn
491 2593 602 2670 tenuit,
618 2591 791 2675 lacrymoso
807 2591 934 2656 stridula
950 2592 1040 2655 sumo

149 2696 258 2781 Usque
275 2698 342 2777 fuit,
358 2698 520 2780 nullosque
536 2697 655 2761 invenit
669 2696 804 2760 motibus
820 2696 918 2780 ignes.

149 2800 260 2865 Exitus
274 2802 413 2883 auspicio
427 2802 565 2883 gravior:
591 2822 664 2864 nam
680 2811 779 2883 nupta
795 2822 851 2884 per
866 2802 978 2866 herbas

148 2904 235 2969 Dum
250 2927 332 2969 nova
346 2904 505 2969 Naiadum
522 2905 612 2969 turbs
628 2905 776 2970 comitata
791 2917 931 2990 vagatur,

149 3010 284 3089 Decidit,
300 3010 332 3074 in
348 3009 446 3074 talum
461 3010 612 3093 serpentis
628 3011 723 3074 dente
739 3022 875 3094 recepte.
1132 3018 1180 3077 10

150 3117 257 3186 Quam
271 3116 344 3179 satis
358 3116 400 3179 ad
415 3136 542 3199 superas
557 3126 722 3199 postquam
736 3116 944 3199 Rhodopeius
957 3138 1050 3181 auras

147 3220 282 3285 Deflevit
297 3231 393 3301 vates,
409 3243 449 3285 ne
465 3243 529 3285 non
544 3230 679 3284 tentaret
694 3231 726 3283 et
741 3221 876 3299 umbras,

149 3324 200 3388 Ad
217 3326 316 3409 Styga
331 3326 478 3389 Taenarii
492 3336 540 3388 est
555 3346 648 3388 ausus
665 3326 856 3389 descendere
872 3326 972 3409 portis.

147 3428 268 3513 Perque
283 3429 367 3493 leves
382 3429 523 3512 populos,
539 3428 763 3513 simulacraque
779 3429 888 3494 functa
903 3430 1063 3513 sepulcris,

147 3533 368 3618 Persephonen
383 3534 469 3612 adiit,
485 3533 704 3617 inamoenaque
720 3556 817 3617 regna
832 3545 991 3599 tenentem
1133 3541 1177 3600 15

146 3638 334 3702 Umbrarum
350 3638 529 3702 dominum:
555 3638 713 3721 pulsisque
729 3640 770 3703 ad
786 3641 924 3704 carmina
938 3640 1041 3703 nervis
