2567 4209
184 292 227 355 56
463 290 583 339 ovm’s
605 289 934 341 Msvamonrflossss.

184 456 226 521 Et
241 468 301 522 tres
317 459 444 525 latratus
459 461 551 525 simul
566 462 676 525 edidit.
722 462 780 525 Illa
794 481 914 525 sorores

185 564 288 628 Nocte
304 576 395 629 vocat
410 567 541 649 genitas,
557 588 651 649 grave
667 578 700 630 et
715 566 910 650 implacabile
925 584 1063 628 numen.

186 670 340 759 (Carceris
355 682 428 735 ante
445 670 525 735 sores
540 672 661 736 clausas
675 673 843 736 adamante
859 670 1034 735 sedebant:

183 774 295 857 Deque
310 777 373 839 suis
388 788 470 841 atros
486 776 656 859 pectebant
670 776 806 841 crinibus
820 773 968 862 angues.)

183 876 290 947 Quam
307 878 399 942 simul
413 880 569 962 agnorunt
583 881 663 943 inter
678 880 819 963 caliginis
834 878 970 955 umbras,
1176 879 1242 941 135

184 982 352 1045 Sunerdre
368 984 448 1047 deae.
496 984 596 1047 Sedes
611 982 763 1046 scelerata
777 992 916 1046 vocatur.

183 1085 312 1149 Viscera
326 1085 484 1168 praebebat
499 1084 610 1169 Tityos
625 1085 782 1163 lanianda,
799 1106 976 1168 novemque

182 1186 350 1273 Jugeribus
366 1190 519 1255 distentus
534 1201 610 1255 erat.
656 1191 741 1269 Tibi,
757 1190 903 1269 Tantale,
918 1189 1015 1254 nullae

183 1295 427 1379 Deprenduntur
441 1317 550 1378 aquae;
575 1318 708 1379 qumque
724 1296 877 1374 imminet,
892 1294 1004 1376 effugit
1019 1294 1139 1357 arbos.

183 1402 250 1465 Aut
265 1402 354 1483 petis,
370 1412 425 1465 aut
441 1423 553 1483 urgues
569 1403 732 1479 ruiturum,
750 1401 894 1485 Sisyphe,
910 1421 1035 1463 saxum.
1136 1448 1140 1452 .
1170 1403 1234 1463 140

183 1506 324 1569 Volvitur
340 1506 439 1583 Ixion,
455 1516 536 1569 etse
552 1507 754 1590 sequiturque
770 1506 921 1589 fugitque.

182 1609 349 1691 Molirique
365 1610 428 1672 suis
443 1609 540 1673 letum
556 1611 747 1693 patruelibus
762 1632 858 1689 ausae,

182 1714 333 1777 Adsiduae
350 1724 506 1797 repetunt,
522 1736 599 1799 quas
614 1718 757 1798 perdant,
774 1716 900 1780 Belides
917 1717 1031 1779 undas.

182 1819 274 1890 Quos
290 1840 398 1884 omnes
413 1820 481 1883 acie
497 1830 662 1903 postquam
679 1822 827 1885 Saturnia
841 1822 931 1885 torva

182 1926 280 2004 Vidit,
296 1936 328 1989 et
343 1935 416 1989 ante
432 1947 540 1989 omnes
556 1926 676 2003 lxiona,
693 1947 796 1989 rursus
811 1926 851 1989 ab
868 1926 922 1989 illo
1163 1927 1224 1988 145

183 2032 341 2114 Sisyphon
356 2030 543 2112 adspiciens,
561 2030 647 2093 ‘Cur
662 2031 746 2094 hice
763 2029 929 2107 fratribus,’
946 2029 1063 2112 inquit,

183 2135 372 2215 ‘Perpetuas
388 2134 503 2215 patitur
518 2154 627 2217 poenas
641 2156 649 2211 3
676 2134 867 2197 Athamanta
883 2133 1057 2216 superbum

182 2237 284 2317 Regia
298 2237 387 2299 dives
403 2235 514 2299 habet:
540 2239 592 2319 qui
608 2259 659 2301 me
676 2260 748 2301 cum
764 2239 898 2323 conjuge
915 2259 1041 2320 semper

183 2340 348 2422 Sprevitl'
372 2348 406 2401 et
421 2341 550 2420 exponit
565 2362 674 2405 causas
690 2342 815 2424 odiique
830 2343 973 2424 viaeque3

183 2444 333 2527 Quidque
349 2444 433 2507 velit.
481 2444 578 2513 Quod
594 2445 699 2524 vellet,
716 2455 792 2522 erat,
808 2468 849 2509 ne
865 2447 951 2529 regia
966 2446 1086 2509 Cadmi
1156 2451 1216 2511 150
1267 2439 1269 2508 i

182 2552 306 2629 Staret3
329 2550 408 2613 etin
425 2549 545 2613 lacinus
560 2550 718 2613 traherent
733 2550 926 2615 Athamanta
941 2572 1076 2615 sorores.
1096 2590 1102 2599 ·
1266 2543 1267 2562 ¹

181 2655 361 2737 Imperium,
378 2654 537 2735 promissa,
554 2675 662 2736 preces
677 2653 843 2717 confundit
858 2655 890 2717 in
907 2676 1017 2733 unum,

181 2758 396 2840 Sollicitatque
413 2760 497 2821 deas.
545 2758 599 2820 Sic
614 2758 683 2821 haec
699 2756 717 2820 J
720 2779 824 2821 unone
840 2757 957 2836 locuta,

180 2863 352 2945 Tisiphone
368 2881 473 2936 canos
489 2871 524 2923 ut
539 2869 614 2938 erat,
631 2862 763 2940 turbata,
780 2864 910 2944 capillos

180 2967 291 3044 Movit,
308 2979 340 3031 et
355 2966 514 3029 obstantes
530 2966 637 3049 rejecit
652 2964 692 3027 ab
707 2987 760 3028 ore
776 2965 929 3030 colubras.
1149 2975 1207 3035 155
1257 3027 1258 3030 ,

180 3073 285 3156 Atque
301 3074 355 3150 ita,
372 3070 466 3134 ‘Non
482 3069 582 3153 longis
598 3090 677 3152 opus
692 3080 739 3131 est
754 3069 958 3153 ambagibus,’
976 3073 1059 3138 infit.
1256 3075 1257 3080 ’

181 3178 297 3241 ‘Facta
313 3189 399 3261 puta,
415 3195 611 3259 quaecunque
624 3173 733 3256 jubes:
758 3173 925 3239 inamabile
942 3198 1079 3259 regnum

180 3280 315 3346 Desere:
340 3294 433 3364 teque
449 3279 530 3341 refer
545 3276 616 3341 ooeli
632 3276 766 3339 melioris
780 3279 821 3340 ad
837 3281 950 3342 auras'

224 3384 314 3449 Laeta
329 3386 409 3449 redit
424 3382 442 3446 J
445 3404 529 3445 uno:
555 3401 649 3462 quam
664 3379 781 3442 coelum
796 3380 909 3445 intrare
926 3397 1092 3465 parantem

178 3490 303 3555 Roratis
318 3488 458 3555 lustravit
472 3486 560 3569 aquis
576 3484 801 3547 Thaumantias
817 3484 884 3548 Iris.
1142 3498 1196 3558 160

224 3594 294 3659 Nec
309 3618 413 3660 mora:
438 3590 611 3673 Tisiphone
627 3585 835 3649 madefactam
851 3591 1004 3671 sanguine
1020 3597 1113 3661 sumit

132 3688 135 3693 ¹
179 3695 362 3780 Importuna
376 3699 498 3774 lacem3
523 3692 682 3771 fluidoque
698 3709 806 3751 cruore
821 3691 987 3757 rubentem
