2567 4209
520 303 618 354 aoou
640 304 716 353 xm,
1066 310 1124 371 131

66 474 124 537 N
125 496 172 539 ec
190 497 296 539 comes
312 476 364 539 hic
379 475 528 559 Phrygias
544 496 683 558 unquam
699 474 835 537 venisset
850 474 891 539 ad
907 494 995 539 arces

69 579 255 645 Hortator
270 580 440 645 scelerum!
487 580 562 644 Non
578 591 620 659 te,
637 580 779 644 Poeantia
794 579 906 663 proles,
1082 583 1125 643 45

73 684 288 767 Expositum
303 686 440 749 Lemnos
456 695 562 749 nostro
576 705 650 747 curn
666 685 793 748 crimine
809 684 955 748 haberet:

75 789 168 859 Qui
186 812 281 869 nunc,
299 802 333 853 ut
348 801 530 869 memorant,
547 789 736 853 silvestribus
751 789 875 853 abditus
889 788 996 865 antris,

77 896 187 958 Saxa
202 917 309 975 moves
323 896 452 978 gemitu,
468 896 707 976 Laertiadaeque
724 894 868 977 precaris,

79 998 187 1068 Quae
204 1001 333 1063 meruit:
359 1022 439 1083 quaa,
457 1000 483 1063 si
498 1000 532 1063 di
547 1010 630 1077 sunt,
648 1021 711 1062 non
727 1020 807 1062 vana
823 998 967 1081 preceris.

80 1104 140 1166 Et
156 1126 245 1167 nunc
260 1105 310 1168 ille
325 1107 436 1169 eadem
453 1106 542 1169 uobis
554 1106 674 1189 juratus
690 1104 722 1167 in
738 1124 833 1181 arma,
1080 1108 1123 1167 50

81 1208 195 1272 Heu!
220 1231 290 1292 pars
305 1232 369 1273 una
384 1210 511 1288 ducum,
528 1231 591 1292 quo
606 1230 784 1273 successore
801 1209 922 1291 sagittae

83 1314 247 1377 Herculis
263 1326 402 1394 utuntur,
419 1316 534 1379 fractus
550 1314 720 1396 morboque
737 1314 891 1396 fameque,
938 1336 940 1343 ·

86 1419 291 1503 Velaturque
306 1420 460 1503 aliturque
475 1420 601 1497 avibus3
626 1419 827 1501 volucresque
843 1420 981 1501 petendo

86 1524 216 1588 Debita
230 1525 374 1610 Trojanis
389 1535 513 1588 exercet
527 1524 647 1607 spicula
663 1524 743 1587 satis.

88 1629 155 1693 Ille
172 1641 278 1693 tamen
294 1631 379 1709 vivit,
395 1631 467 1713 quia
482 1652 546 1694 non
562 1630 721 1693 comitavit
737 1628 892 1713 Ulyssem.
1077 1633 1120 1693 55

90 1734 211 1799 Mallet
225 1745 258 1798 et
273 1735 378 1799 infelix
394 1735 576 1799 Palamedes
591 1756 659 1798 esse
674 1734 810 1799 relictus.

92 1841 236 1917 Viveret,
252 1850 307 1903 aut
321 1842 405 1903 certe
421 1840 517 1903 letum
533 1840 600 1903 sine
616 1840 745 1903 crimine
761 1839 899 1902 haberet.

95 1947 208 2016 Quem
223 1945 303 2009 male
320 1945 454 2009 convicti
470 1945 600 2007 nimium
615 1962 736 2007 memor
750 1943 808 2005 iste
824 1942 935 2006 suroris

95 2051 235 2114 Prodere
250 2072 316 2113 rem
331 2050 474 2113 Danaam
491 2050 597 2113 linxit:
622 2050 792 2130 fictumque
807 2048 950 2130 probavit

95 2155 235 2234 Crimen,
252 2164 284 2218 et
299 2155 445 2233 ostendit,
461 2156 544 2237 quod
558 2156 623 2239 jam
638 2154 836 2239 praefoderat,
852 2174 973 2216 aurum.
1075 2154 1119 2217 60

144 2260 228 2343 Ergo
242 2271 296 2324 aut
311 2260 420 2323 exsilio
435 2261 514 2323 vires
529 2260 677 2323 subduxit
693 2259 820 2323 Achivis

97 2366 166 2429 Aut
181 2387 268 2430 nece.
316 2367 370 2430 Sic
385 2378 513 2450 pugnat,
530 2367 574 2429 sic
588 2377 636 2428 est
652 2366 839 2428 metuendus
855 2364 994 2448 Ulysses.

99 2472 166 2542 Qui
181 2472 255 2536 licet
268 2470 392 2554 eloquio
407 2472 505 2534 fidum
521 2472 645 2555 qudque
662 2471 693 2533 N
695 2482 796 2533 estora
812 2470 936 2547 vincat,

99 2577 194 2641 Haud
210 2587 314 2640 tamen
330 2577 455 2654 efficiet,
471 2577 629 2639 desertum
646 2585 680 2638 ut
696 2574 829 2637 Nestora
846 2574 963 2637 crimen

101 2684 177 2746 Esse
192 2704 259 2747 rear
274 2682 403 2746 nullum.
450 2681 516 2750 Qui
532 2682 603 2743 clun
620 2680 799 2763 imploraret
814 2677 959 2761 Ulyssem
1075 2681 1119 2743 65

102 2788 235 2851 Vulnere
251 2789 357 2851 tardus
373 2787 455 2869 equi,
472 2787 630 2869 fessusque
647 2786 793 2849 senilibus
809 2784 910 2862 anuis,

102 2894 242 2957 Proditus
256 2916 276 2957 a
290 2893 375 2956 socio
390 2903 448 2955 est.
494 2892 526 2955 N
527 2914 569 2955 ou
584 2893 654 2955 haec
669 2891 745 2955 mihi
760 2889 890 2955 crimina
905 2889 981 2972 fingi

33 3021 38 3029 ·
104 3000 168 3063 Scit
181 2999 261 3061 bene
276 2999 428 3081 Tydides,
444 2998 496 3079 qui
513 2998 639 3060 nomine
656 3017 739 3078 saepe
756 3006 900 3059 vocatum

104 3104 253 3186 Corripuit
262 3126 270 3180 3
294 3104 476 3185 trepidoque
493 3102 599 3184 sugam
615 3101 811 3183 exprobravit
826 3099 939 3162 arnico·

105 3210 284 3292 Adspiciunt
299 3207 397 3272 oculis
412 3207 515 3289 superi
531 3205 673 3268 mortalia
684 3204 784 3289 justis.

106 3314 151 3377 En
164 3325 234 3397 eget
249 3312 372 3391 auxilio,
388 3314 441 3395 qui
457 3334 519 3375 non
537 3311 623 3375 tulit:
650 3320 746 3392 utque
762 3308 894 3391 reliquit,

107 3420 155 3484 Sic
168 3420 353 3502 linquendus
367 3429 443 3482 erat.
490 3418 609 3499 Legem
625 3415 683 3479 sibi
698 3415 819 3478 dixerat
834 3416 911 3496 ipse.

106 3529 280 3592 Conclamat
294 3528 404 3591 socios.
452 3526 584 3602 Adsum,
601 3524 755 3606 videoque
771 3531 966 3599 trementem,

108 3634 328 3716 Pallentemque
343 3643 441 3709 metu,
457 3654 495 3696 ac
510 3629 718 3711 trepidantem
733 3637 833 3690 morte
849 3626 965 3689 futura.

108 3739 238 3823 Opposui
253 3738 368 3801 molem
383 3737 495 3819 clypei,
512 3734 637 3814 texique
650 3734 826 3816 jacentem3
