2567 4209
252 291 407 346 EPISTLB
429 296 475 346 01·
495 296 676 347 Dusnmrtn
699 294 747 345 TO
765 292 966 345 HERCULES.
1060 298 1116 361 171

141 463 231 529 Vidit
245 476 278 529 et
293 467 324 529 in
341 467 470 551 speculo
484 468 625 553 conjugis
640 489 728 531 arma
742 466 799 529 sui.

69 568 166 633 Sed
183 572 257 654 quid
273 593 334 655 ego
349 572 419 636 haec
433 573 557 637 refero?
580 573 726 637 scribenti
742 571 852 636 nuntia
867 571 953 635 venit
1078 572 1122 635 85

142 676 252 755 Fama,
268 678 367 741 virum
383 679 499 742 tunicae
515 680 587 742 tabe
602 678 703 762 perire
718 698 809 742 meae.

72 778 161 844 Hei
180 783 272 846 mihi!
296 783 372 865 quid
388 783 471 847 feci?
518 783 594 852 Qud
609 805 660 847 me
676 784 760 847 furor
774 784 840 867 egit
854 781 1036 847 amantem?

142 887 256 969 Impia,
272 889 349 971 quid
364 888 498 966 dubitas,
514 888 672 967 Deianira,
688 889 788 952 mori?

80 992 151 1058 An
170 1003 242 1055 tuus
257 994 289 1055 in
305 994 412 1057 media
425 995 540 1079 conjux
554 994 740 1057 lacerabitur
755 992 853 1072 OEtt3

141 1099 208 1175 Tu,
225 1098 347 1162 sceleris
363 1099 441 1161 tanti
457 1120 562 1176 causa,
579 1110 735 1182 superstes
750 1099 833 1161 eris?
1079 1098 1122 1161 90

89 1203 134 1266 Si
152 1203 229 1285 quid
244 1203 350 1267 adhuc
365 1204 466 1267 babeo
482 1204 567 1282 facti,
583 1225 638 1267 cur
654 1203 799 1267 Herculis
814 1223 892 1266 uxor

143 1306 274 1386 Credar,
290 1309 427 1394 conjugii
442 1330 524 1372 mors
539 1309 615 1371 mibi
631 1308 745 1391 pignus
760 1308 828 1371 erit.

90 1414 152 1478 Tu
170 1414 293 1496 qubque
309 1435 480 1497 cognosces
494 1414 526 1477 in
542 1435 604 1491 me,
620 1413 791 1495 Meleagre,
808 1432 956 1476 sororem.

146 1519 258 1603 Impia,
273 1520 349 1602 quid
364 1520 498 1596 dubitas,
514 1518 673 1596 Deianira,
689 1518 789 1581 mori?

94 1624 178 1689 Heu
194 1625 307 1689 devota
322 1626 453 1689 domus!
477 1624 555 1689 solio
569 1625 659 1687 sedet
674 1623 788 1707 Agrios
803 1622 883 1688 ulto:
1079 1624 1122 1688 95

146 1729 255 1794 OEnea
269 1731 426 1794 desertum
442 1731 527 1794 nuda
541 1741 669 1794 senecta
683 1729 805 1813 premit.

97 1835 236 1899 Exsulat
250 1836 364 1919 ignotis
379 1836 509 1920 Tydeus
523 1856 690 1919 germanus
705 1835 738 1897 in
753 1834 829 1898 oris:

150 1941 238 2004 Alter
253 1941 337 2005 fatali
352 1942 441 2005 vivus
455 1940 488 2003 in
504 1941 576 2023 igne
592 1939 661 2003 fuit.

100 2046 218 2130 Exegit
233 2047 348 2110 ferrum
363 2068 420 2110 sua
435 2068 491 2129 per
505 2045 678 2129 praecordia
693 2053 802 2109 mater.

149 2153 259 2236 Impia,
274 2154 350 2236 quid
366 2152 499 2231 dubitas,
515 2151 675 2229 Deianira,
691 2150 790 2215 mori?
1062 2150 1124 2212 100

101 2257 264 2341 Deprecor
279 2258 340 2323 hoc
355 2280 463 2337 unum,
480 2278 535 2340 per
546 2259 617 2343 jura
632 2256 797 2321 sacerrima
812 2253 897 2333 lecti,

149 2364 201 2427 Ne
216 2364 322 2428 videar
336 2364 407 2427 fatis
422 2363 566 2427 insidiata
582 2364 652 2427 tuis.

102 2470 235 2548 Nessus,
251 2481 287 2532 ut
302 2481 350 2533 est
364 2470 491 2533 avidum
506 2488 671 2551 percussus
686 2466 839 2531 arundine
854 2473 975 2548 pectus,

150 2575 253 2654 ‘Hic,’
271 2576 358 2653 dixit,
376 2574 473 2637 ‘vires
488 2572 614 2655 sanguis
628 2571 742 2634 amoris
758 2569 873 2633 habet’

102 2680 185 2745 Illita
201 2681 323 2744 Nesseo
337 2680 406 2743 misi
422 2678 478 2742 tibi
494 2687 579 2741 texta
593 2697 726 2740 veneno.
1061 2673 1124 2735 105

149 2786 259 2869 Impia,
275 2786 350 2868 quid
365 2784 499 2864 dubitas,
515 2783 676 2862 Deianira,
692 2781 794 2846 mori?

103 2891 237 2974 Jamque
253 2889 332 2969 vale,
348 2891 512 2973 seniorque
527 2901 625 2974 pater,
639 2908 851 2973 germanaque
866 2885 983 2968 Gorge,

150 2996 192 3059 Et
206 2996 315 3078 patria,
330 3004 363 3059 et
377 2996 486 3079 patriae
501 2996 595 3059 frater
609 2996 756 3077 adempte
772 3003 848 3055 tuae.

105 3101 147 3166 Et
161 3113 206 3179 tu,
222 3102 275 3164 lux
290 3101 387 3165 oculis
403 3100 553 3163 hodierna
567 3099 733 3162 novissima
747 3097 869 3173 nostris,

148 3207 276 3291 Virque,
295 3206 365 3297 (sed
380 3229 401 3270 o
416 3205 514 3291 possis
525 3203 549 3291 l)
565 3213 598 3266 et
613 3224 690 3287 puer
705 3200 810 3286 Hylle,
827 3199 905 3264 vale.
1061 3201 1123 3264 110
