2567 4209
173 302 217 365 94
449 296 569 348 ovm’s
591 298 921 351 METAMORPHOSES.

450 600 531 642 ms
554 599 710 641 cunnum)
737 599 814 641 1rt'r0
836 599 913 655 Mart.

219 784 400 849 ‘Attonitus
415 796 503 851 tanto
516 788 696 851 miserarum
712 787 834 850 turbine
850 808 964 864 rerum,

175 897 195 928 “
205 887 348 972 Jupiter?
371 892 423 969 0,''
440 892 515 969 dixi,
532 891 588 954 “si
603 913 667 955 non
683 892 781 974 pudet
796 913 863 955 esse
880 902 1055 975 parentem,
1138 898 1203 958 235

174 991 241 1055 Aut
254 994 331 1058 mihi
345 997 443 1059 redde
455 1017 553 1074 meos,
567 1006 623 1059 aut
637 1017 689 1058 me
705 995 828 1078 qubque
844 996 946 1059 conde
964 996 1151 1079 sepulcro.”
1269 1007 1270 1018 ¹

174 1097 231 1161 Ille
247 1110 354 1165 notam
370 1101 489 1185 fulgore
505 1103 602 1180 dedit,
619 1102 796 1184 tonitruque
812 1103 962 1165 secundo.

176 1211 195 1241 “
205 1204 347 1287 Accipio,
363 1206 485 1289 sintque
500 1205 560 1269 ista
575 1227 684 1290 precor
699 1205 801 1269 felicia
816 1207 929 1269 mentis

175 1308 274 1391 Signa
288 1310 384 1388 tuae‚''
400 1311 481 1375 dixi:
508 1321 527 1350 “
537 1312 621 1394 quod
637 1312 694 1374 das
709 1310 794 1388 mihi,
811 1310 965 1393 pigneror,
980 1311 1112 1375 omen.’'

219 1413 312 1478 Forte
329 1415 387 1478 fuit
398 1416 489 1501 juxta
503 1416 616 1498 patulis
631 1415 784 1479 rarissima
798 1415 901 1493 ramis,
1135 1420 1204 1480 240

176 1518 274 1582 Sacra
288 1518 368 1597 Jovi,
384 1541 517 1602 quercus
531 1522 572 1584 de
587 1520 706 1583 semina
722 1520 896 1584 Dodonoeo.

174 1621 239 1685 Hic
253 1644 310 1686 nos
325 1622 490 1706 frugilegas
504 1624 703 1707 adspeximus
718 1626 842 1709 agmine
858 1624 952 1708 longo

174 1726 302 1791 Grande
316 1748 396 1792 onus
410 1730 525 1811 exiguo
540 1728 684 1794 formicas
699 1750 753 1793 ore
767 1740 921 1813 gerentes,

174 1831 365 1917 Rugosoque
379 1855 471 1896 suum
485 1843 643 1898 servantes
659 1835 773 1899 oortioe
789 1834 910 1898 callem.

174 1936 260 2001 Dum
275 1959 439 2002 numerum
455 1939 558 2018 miror,
574 1948 594 1978 “
604 1939 763 2017 Totidem,
774 1950 861 2022 pater
876 1939 1026 2022 optime,''
1043 1940 1122 2019 dixi,
1135 1944 1201 2007 245

176 2052 196 2082 “
207 2044 259 2107 Tu
272 2044 348 2108 mibi
363 2046 405 2108 da
419 2044 513 2124 cives,
528 2054 561 2108 et
575 2043 680 2108 inania
695 2044 811 2107 moenia
826 2044 943 2126 reple.’'

175 2148 350 2227 Intremuit,
365 2150 519 2232 ramisque
534 2171 646 2213 sonum
661 2149 727 2213 sine
743 2150 868 2212 flamine
884 2150 976 2213 motis

175 2252 249 2316 Alta
264 2253 351 2316 dedit
365 2274 507 2335 quercus.
553 2254 672 2318 Pavido
686 2254 762 2319 mihi
777 2255 917 2319 mambra
933 2255 1043 2317 timore

174 2356 377 2435 Homerum,
393 2356 578 2441 stabantque
593 2380 704 2423 comae.
750 2359 873 2423 Tamen
889 2359 994 2425 oscula
1009 2369 1115 2438 terrae,

175 2460 412 2545 Roboribusque
428 2462 522 2542 dedi;
545 2484 606 2528 nec
619 2485 671 2527 me
687 2485 809 2547 sperare
825 2464 955 2542 fatebar,
1135 2468 1199 2529 250

176 2566 348 2649 Sperabam
364 2578 479 2647 tamen,
494 2579 588 2651 atque
603 2568 710 2634 animo
724 2590 795 2633 mea
810 2580 883 2633 vota
899 2570 1053 2633 fovebam.

219 2672 292 2737 Nox
307 2671 401 2751 subit,
416 2686 449 2737 et
464 2674 545 2739 curis
559 2674 695 2739 exercita
710 2695 840 2756 corpora
855 2696 982 2738 somnus

175 2779 330 2859 Occupat.
376 2779 460 2842 Ante
476 2779 583 2843 oculos
597 2780 708 2843 eadem
724 2778 799 2843 mihi
814 2800 947 2861 quercus
962 2780 1085 2859 adesse,

176 2881 218 2945 Et
231 2902 333 2945 ramos
348 2882 489 2961 totidem,
505 2883 697 2965 totidemque
712 2884 857 2948 animalia
871 2885 963 2947 ramis

175 2986 269 3050 Ferre
284 2986 347 3051 suis
362 2986 427 3051 visa
442 2996 499 3065 est,
515 2987 665 3070 parilique
683 2989 857 3052 tremiscere
873 3001 971 3067 motu,
1132 2994 1196 3055 255
1270 3052 1271 3061 ,

175 3092 435 3176 Graniferumque
450 3114 564 3176 agmen
579 3093 725 3178 subjectis
740 3114 884 3175 spargere
899 3094 932 3157 in
948 3094 1038 3172 arvis,

175 3196 322 3262 Crescere
337 3199 422 3281 quod
437 3197 549 3277 subito,
564 3208 596 3261 et
610 3198 710 3282 majus
726 3199 886 3282 majusque
902 3198 1008 3276 videri,

175 3304 226 3367 Ac
240 3324 274 3365 se
289 3298 395 3367 tollere
410 3303 517 3381 humo,
532 3313 679 3385 rectoque
695 3302 842 3366 adsistere
859 3313 979 3381 trunco,

176 3408 218 3471 Et
232 3407 364 3472 maciem
378 3427 604 3488 numerumque
618 3408 746 3489 pedum,
763 3408 946 3489 nigrumque
962 3406 1099 3471 colorem

175 3510 307 3590 Ponere,
322 3522 355 3575 et
369 3511 538 3574 humanam
553 3512 699 3574 membris
715 3512 862 3575 inducere
878 3511 1019 3575 formam.
1132 3518 1195 3579 260

176 3614 312 3678 Somnus
327 3612 401 3676 abit.
448 3610 573 3675 Damno
587 3611 718 3693 vigilans
732 3634 803 3675 mea
820 3612 893 3688 visa,
910 3633 1083 3694 querorque

175 3718 214 3782 In
229 3717 347 3799 superis
361 3717 429 3799 opis
444 3736 512 3779 esse
527 3714 614 3779 nihil.
661 3716 705 3779 At
719 3716 752 3777 in
768 3715 889 3777 aedibus
904 3715 1016 3797 ingens
