2567 4209
545 292 641 342 noos
664 292 711 341 rx.
1079 299 1138 359 101

33 538 41 545 ‚
107 461 232 547 Digna,
247 462 473 547 quid-optetis!
505 462 599 526 .Cum
615 462 754 528 Baucide
770 484 871 545 pauca
886 462 1019 539 locutus,

109 566 130 631 J
133 570 277 633 udicium
291 568 410 651 superis
424 568 524 650 aperit
538 590 705 632 commune
722 568 904 633 Philemon:

111 683 121 712 ‘
135 674 216 737 Esse
231 675 418 752 sacerdotes,
433 674 623 756 delubraque
639 684 741 737 vestra
756 674 835 737 tueri
1078 676 1140 737 165

110 778 277 843 Poscimus
289 802 296 857 3
320 790 354 842 et
368 779 516 862 quoniam
530 780 703 843 concordes
718 780 838 862 egimus
853 800 963 857 annos,

111 883 249 948 Auferat
264 885 340 948 hora
354 886 434 948 duos
448 885 579 961 eadem3
604 904 665 947 nec
680 884 820 969 conjugis
836 905 976 966 unquam

111 988 215 1052 Busta
229 1011 308 1052 meae
325 989 458 1067 videam,
475 1010 538 1052 neu
553 990 612 1052 sim
627 988 828 1053 tumulandus
844 989 883 1053 ab
899 988 971 1053 illt’

162 1095 245 1158 Vota
260 1095 338 1158 fides
353 1095 509 1178 sequitur:
534 1094 641 1176 templi
657 1094 754 1159 tutela
769 1095 866 1172 fuere,

112 1196 229 1263 Donec
244 1199 307 1263 vita
322 1202 394 1263 data
409 1210 466 1263 est.
513 1200 614 1263 Annis
629 1221 759 1282 aevoque
775 1198 867 1263 soluti
1077 1204 1140 1264 170

114 1304 203 1368 Ante
218 1306 332 1387 gradus
347 1326 450 1369 sacros
466 1306 537 1368 clun
552 1315 670 1368 starent
685 1305 775 1383 forte,
790 1304 914 1387 locique

114 1410 296 1493 Inciperent
311 1432 412 1488 casus,
428 1410 572 1474 frondere
588 1410 771 1473 Philemona
786 1410 908 1488 Baucis,

114 1516 258 1581 Baucida
273 1516 436 1598 conspexit
451 1516 553 1579 senior
568 1516 712 1579 frondere
728 1515 900 1580 Philemon.

115 1619 251 1703 Jamque
266 1642 359 1704 super
373 1620 492 1704 gelidos
508 1631 668 1684 crescente
684 1622 846 1685 cacumine
861 1620 975 1699 vultus,

114 1726 242 1803 Mutua,
258 1728 333 1790 dum
349 1726 444 1804 licuit,
460 1726 634 1790 reddebant
649 1726 754 1804 dicta3
779 1727 949 1810 ‘Valeque,
1076 1732 1139 1792 175

115 1831 150 1895 Ο
165 1832 298 1916 conjux,'
315 1832 421 1895 dixere
437 1831 538 1909 simul,
554 1831 645 1894 simul
660 1832 766 1895 abdita
782 1832 859 1895 texit

117 1937 185 2000 Ora
199 1937 311 2000 frutex.
357 1936 505 1999 Ostendit
519 1935 625 2001 adhue
639 1936 801 2018 Tyaneius
816 1935 879 1999 illic

117 2042 223 2106 Incola
239 2043 279 2105 de
294 2042 421 2124 gemino
436 2042 553 2105 vicinos
569 2061 698 2122 corpore
714 2050 850 2104 truncos.

115 2148 199 2211 Haec
214 2147 289 2210 mihi
305 2168 369 2210 non
386 2146 457 2209 vani
475 2146 593 2234 (neque
609 2156 676 2209 erat
692 2168 747 2209 cur
762 2145 867 2209 fallere
883 2147 1012 2235 vellent)

116 2254 291 2318 Narravdre
307 2273 408 2315 senes.
454 2251 609 2333 Equidem
624 2253 796 2333 pendentia
811 2253 873 2316 vidi
1078 2258 1141 2319 180

117 2360 209 2423 Serta
224 2379 317 2440 super
332 2378 450 2420 ramos:
475 2377 657 2439 ponensque
673 2358 821 2435 recentia,
838 2359 912 2438 dixi,

117 2463 220 2527 ‘Cura
235 2463 278 2545 pii
294 2461 343 2525 dia
357 2471 440 2541 sunt,
455 2473 497 2539 et,
514 2462 567 2544 qui
582 2461 718 2541 coluere,
734 2462 900 2527 coluntur.'

415 2755 854 2767 Ἣ

496 2985 648 3050 BOOK
686 2986 762 3052 lX.

436 3237 548 3279 DRATH
573 3238 613 3279 01¹⁸
638 3236 821 3280 HERCULES.

565 3394 594 3435 v.
622 3376 695 3436 134.

118 3514 230 3595 Longa
245 3511 304 3574 luit
318 3510 413 3574 medii
427 3531 515 3574 mora
529 3512 687 3594 temporis,
704 3522 835 3596 actaque
850 3515 955 3595 magni

119 3615 264 3684 Herculis
278 3616 444 3698 implerant
458 3628 564 3694 terras,
580 3617 749 3699 odiumque
765 3638 919 3681 novercae.

122 3723 227 3788 Victor
241 3721 282 3784 ab
297 3718 445 3785 OEehalid
459 3720 577 3802 Cenaeo
592 3742 679 3784 secra
695 3720 822 3802 parabat

388 3828 409 3888 9
419 3827 439 3865 a
